,company_name,ceo_name,headquarters_address,end_date,updated_date,edinet_updated_date,tdnet_updated_date,edinet_title,tdnet_title,accounting_standard,num_of_shares,issued_share_num,treasury_stock_num,assets,current_assets,cash_and_deposits,trade_receivables,notes_accounts_receivable,notes_receivable,accounts_receivable,current_securities,inventories,merchandise,work_in_process,raw_materials_and_supplies,prepaid_expenses,current_dta,current_allowance_doubtful_accounts,non_current_assets,tangible_fixed_assets,buildings,machineries,land,construction_in_progress,intangible_assets,good_will,investments_and_other_assets,investment_securities,non_current_dta,non_current_allowance_doubtful_accounts,lease_and_guarantee_deposits,liabilities,debt,current_liabilities,trade_payables,notes_accounts_payable,accounts_payable,notes_payable,short_term_bonds_payable,short_term_loans_payable,commercial_papers_liabilities,current_lease_obligations,current_portion_of_long_term_loans,current_portion_of_bonds,current_portion_of_convertible_bonds,current_portion_of_bonds_with_subscription_rights,advances_received,corporate_tax_payable,non_current_liabilities,bonds_payable,convertible_bonds,convertible_bond_type_bonds_with_subscription_rights,non_current_bonds_with_subscription_right,long_term_loans_payable,non_current_lease_obligations,non_current_dtl,net_assets,shareholders_equity,capital_stock,additional_capital_stock,retained_earnings,treasury_stock,valuation_and_translation_adjustments,non_controlling_interests,net_sales,cost_of_sales,gross_profit,gross_margin,sga,operating_income,operating_margin,non_operating_income,interest_and_dividends_income,interest_income,dividends_income,equity_method_income,non_operating_expenses,interest_expense,equity_method_loss,ordinary_income,extraordinary_income,gain_of_sales_non_current_assets,gain_of_sales_investment_securities,extraordinary_loss,loss_of_sales_non_current_assets,loss_of_valuation_investment_securities,impairment_loss,income_before_income_taxes,income_taxes,real_corporate_tax_rate,net_income,non_controling_interests,profit_loss_attributable_to_owners_of_parent,net_profit_margin,operating_cash_flow,income_before_taxes,depreciation,amortization,decrease_trade_receivables_op_cf,decrease_inventories_op_cf,increase_trade_payables_op_cf,investment_cash_flow,purchase_of_property,sale_of_property,purchase_of_intangible_assets,sale_of_intangible_assets,purchase_of_non_current_assets,sale_of_non_current_assets,purchase_of_securities,sale_of_securities,purchase_of_investment_securities,sale_of_investment_securities,lending,return_of_lending,financial_cash_flow,net_short_term_debt,long_term_debt_issuance,long_term_debt_repayment,bonds_issuance,bonds_repayment,share_repurchase,share_sales,dividend_payment,cash_translation_difference,free_cash_flow,ex_net_sales,ex_operating_income,ex_ordinary_income,ex_net_income,dividend,eps_actual,bps,ebitda_forecast,ebitda_actual,roe,real_roe,total_asset_turnover,financial_leverage,roa,roic,doe,net_sales_operating_cash_flow_ratio,sga_ratio,depreciation_gross_profit_ratio,r_and_d_ratio,interest_op_income_ratio,interest_coverage_ratio,net_sales_progress,operating_income_progress,net_income_progress,net_sales_growth_rate_forecast,operating_income_growth_rate_forecast,net_income_growth_rate_forecast,cash_assets_ratio,cash_monthly_sales_ratio,accounts_receivable_turnover,inventory_turnover,trade_payable_turnover,working_capital,ccc,tangible_fixed_assets_turnover,debt_assets_ratio,debt_monthly_sales_ratio,operating_cash_flow_debt_ratio,net_debt,adjusted_debt_ratio,de_ratio,current_ratio,net_debt_net_income_ratio,equity,equity_ratio,accrual,employee_num,net_sales_per_employee,operating_income_per_employee,segment_member,increase_in_properties,r_and_d_expenses,fiscal_year,fiscal_quarter,to_datetime
0,株式会社　極洋,代表取締役社長　今　井　賢　司,東京都港区赤坂三丁目３番５号,2017-09-30T00:00:00.000Z,2017-11-14T09:01:00.000Z,2017-11-14T09:01:00.000Z,2017-11-06T11:30:00.000Z,【E00012】株式会社　極洋 四半期報告書－第95期第2四半期(平成29年7月1日－平成29年9月30日),【13010】株式会社　極洋 平成30年3月期　第2四半期決算短信〔日本基準〕(連結),Japan GAAP,10506193.0,10928283.0,422090.0,119806000000.0,94683000000.0,5960000000.0,38490000000.0,38490000000.0,,,,46894000000.0,38140000000.0,2762000000.0,5991000000.0,,,-28000000.0,25122000000.0,17054000000.0,,,,,476000000.0,22000000.0,7591000000.0,4669000000.0,,-1844000000.0,,93113000000.0,65729000000.0,65871000000.0,10979000000.0,10979000000.0,,,,33611000000.0,10000000000.0,,,,,,,1146000000.0,27242000000.0,,,,2785000000.0,19333000000.0,,,26692000000.0,26315000000.0,5664000000.0,814000000.0,20640000000.0,-803000000.0,-3000000.0,380000000.0,120458000000.0,108165000000.0,12293000000.0,10.20521675604775,10046000000.0,2246000000.0,1.8645502996895182,349000000.0,,12000000.0,50000000.0,78000000.0,200000000.0,205000000.0,,2396000000.0,5000000.0,,,2000000.0,,,,2399000000.0,783000000.0,32.63859941642351,1615000000.0,-17000000.0,1633000000.0,1.3556592339238571,-10567000000.0,2399000000.0,927000000.0,,-9419000000.0,-10140000000.0,5025000000.0,-394000000.0,,,,,-661000000.0,14000000.0,,,-84000000.0,,,,14160000000.0,14121000000.0,1160000000.0,-393000000.0,,,,,-630000000.0,151000000.0,-9906000000.0,250000000000.0,4000000000.0,4000000000.0,2700000000.0,,305.62926076077224,2504.427626638879,4927000000.0,3173000000.0,12.203557312252965,11.842153789415452,2.1266297180441716,4.55328367284889,2.6801662688012287,2.8791516824024077,2.395756993006993,-8.772352189144764,8.339836291487488,7.540876921825429,0.0,9.1273374888691,10.95609756097561,48.1832,56.15,60.48148148148148,107.54121768583241,78.09439002671417,65.3398652786283,4.974709113066124,0.2807094664871675,55.14045285595978,74.03888744701099,17.33426334457998,74405000000.0,111.8450769583908,14.939779523865369,54.862861626295846,3.095763846096482,2053.3895657607,59769000000.0,338.65430078196033,2.498061720887808,143.7400373457212,18.61382746807848,26312000000.0,21.962172178355008,12197000000.0,,,,"{'segments': [{'name': 'MarineProductsTrading', 'type': 'Segment'}, {'name': 'FrozenFood', 'type': 'Segment'}, {'name': 'RoomTemperatureFood', 'type': 'Segment'}, {'name': 'DistributionService', 'type': 'Segment'}, {'name': 'BonitoAndTuna', 'type': 'Segment'}, {'name': 'NotInclude', 'type': 'NotInclude'}, {'name': 'Reconcile', 'type': 'Reconcile'}], 'periods': [{'name': 'Prior1YTDDuration', 'start_date': '2016-04-01', 'end_date': '2016-09-30'}, {'name': 'CurrentYTDDuration', 'start_date': '2017-04-01', 'end_date': '2017-09-30'}], 'values': [{'segment': 'MarineProductsTrading', 'period': 'Prior1YTDDuration', 'net_sales': '65589000000', 'operating_income': '1183000000', 'revenues_from_external_customers': '53377000000', 'transactions_with_other_segments': '12211000000'}, {'segment': 'MarineProductsTrading', 'period': 'CurrentYTDDuration', 'net_sales': '74037000000', 'operating_income': '1546000000', 'revenues_from_external_customers': '61325000000', 'transactions_with_other_segments': '12711000000'}, {'segment': 'FrozenFood', 'period': 'Prior1YTDDuration', 'net_sales': '34033000000', 'operating_income': '165000000', 'revenues_from_external_customers': '32364000000', 'transactions_with_other_segments': '1669000000'}, {'segment': 'FrozenFood', 'period': 'CurrentYTDDuration', 'net_sales': '36311000000', 'operating_income': '554000000', 'revenues_from_external_customers': '34334000000', 'transactions_with_other_segments': '1976000000'}, {'segment': 'RoomTemperatureFood', 'period': 'CurrentYTDDuration', 'net_sales': '9589000000', 'operating_income': '220000000', 'revenues_from_external_customers': '9455000000', 'transactions_with_other_segments': '133000000'}, {'segment': 'RoomTemperatureFood', 'period': 'Prior1YTDDuration', 'net_sales': '9409000000', 'operating_income': '195000000', 'revenues_from_external_customers': '9216000000', 'transactions_with_other_segments': '193000000'}, {'segment': 'DistributionService', 'period': 'CurrentYTDDuration', 'net_sales': '1333000000', 'operating_income': '117000000', 'revenues_from_external_customers': '510000000', 'transactions_with_other_segments': '822000000'}, {'segment': 'DistributionService', 'period': 'Prior1YTDDuration', 'net_sales': '1899000000', 'operating_income': '16000000', 'revenues_from_external_customers': '1113000000', 'transactions_with_other_segments': '785000000'}, {'segment': 'BonitoAndTuna', 'period': 'CurrentYTDDuration', 'net_sales': '15598000000', 'operating_income': '581000000', 'revenues_from_external_customers': '14648000000', 'transactions_with_other_segments': '949000000'}, {'segment': 'BonitoAndTuna', 'period': 'Prior1YTDDuration', 'net_sales': '14215000000', 'operating_income': '100000000', 'revenues_from_external_customers': '13317000000', 'transactions_with_other_segments': '898000000'}, {'segment': 'NotInclude', 'period': 'Prior1YTDDuration', 'net_sales': '849000000', 'operating_income': '1000000', 'revenues_from_external_customers': '182000000', 'transactions_with_other_segments': '666000000'}, {'segment': 'NotInclude', 'period': 'CurrentYTDDuration', 'net_sales': '802000000', 'operating_income': '-57000000', 'revenues_from_external_customers': '182000000', 'transactions_with_other_segments': '620000000'}, {'segment': 'Reconcile', 'period': 'Prior1YTDDuration', 'net_sales': '-16425000000', 'operating_income': '-492000000', 'revenues_from_external_customers': None, 'transactions_with_other_segments': '-16425000000'}, {'segment': 'Reconcile', 'period': 'CurrentYTDDuration', 'net_sales': '-17214000000', 'operating_income': '-716000000', 'revenues_from_external_customers': None, 'transactions_with_other_segments': '-17214000000'}]}",,,2017.0,2.0,2017-11-14 09:01:00+00:00
1,株式会社　極洋,代表取締役社長　今　井　賢　司,東京都港区赤坂三丁目３番５号,2017-12-31T00:00:00.000Z,2018-02-14T09:04:00.000Z,2018-02-14T09:04:00.000Z,2018-02-09T11:30:00.000Z,【E00012】株式会社　極洋 四半期報告書－第95期第3四半期(平成29年10月1日－平成29年12月31日),【13010】株式会社　極洋 平成30年3月期　第3四半期決算短信〔日本基準〕(連結),Japan GAAP,10516510.0,10928283.0,411773.0,124543000000.0,99357000000.0,4464000000.0,50903000000.0,50903000000.0,,,,40835000000.0,40835000000.0,,,,,-31000000.0,25185000000.0,16761000000.0,,,,,508000000.0,17000000.0,7916000000.0,5175000000.0,,-1816000000.0,,96339000000.0,69714000000.0,73732000000.0,10691000000.0,10691000000.0,,,,39445000000.0,10000000000.0,,,,,2750000000.0,,784000000.0,22607000000.0,,,,,17519000000.0,,,28204000000.0,27501000000.0,5664000000.0,831000000.0,21791000000.0,-785000000.0,315000000.0,387000000.0,198323000000.0,179339000000.0,18983000000.0,9.571759200899542,15120000000.0,3863000000.0,1.9478325761510265,502000000.0,,18000000.0,76000000.0,86000000.0,300000000.0,323000000.0,,4065000000.0,12000000.0,,,2000000.0,,,,4074000000.0,1313000000.0,32.228767795778104,2761000000.0,-23000000.0,2784000000.0,1.4037706166203616,,4074000000.0,,,,,,,,,,,,,,,,,,,,,,,,,,,,,0.0,250000000000.0,4000000000.0,4000000000.0,2700000000.0,,305.329429630172,2645.079023364215,4000000000.0,3863000000.0,11.543300859186829,11.22648765820572,2.045743237275479,4.477226156666786,2.5782259942349226,2.71708482431227,2.268363231117662,0.0,7.623926624748516,0.0,0.0,8.361377168004141,11.959752321981425,79.3292,96.575,103.11111111111111,26.056987843064093,3.546466476831478,-3.0172413793103425,3.5843042162144805,0.21024950644273754,72.9232130872154,64.47259711047668,16.879552729474867,81047000000.0,120.5162574682172,15.200942664518823,55.97584769918823,3.283452977631945,2177.88191190253,65250000000.0,332.3295042947325,2.506165294604019,134.75424510388976,20.320772345063844,27817000000.0,22.335257702159094,2774000000.0,,,,"{'segments': [{'name': 'MarineProductsTrading', 'type': 'Segment'}, {'name': 'FrozenFood', 'type': 'Segment'}, {'name': 'RoomTemperatureFood', 'type': 'Segment'}, {'name': 'DistributionService', 'type': 'Segment'}, {'name': 'BonitoAndTuna', 'type': 'Segment'}, {'name': 'Others', 'type': 'Others'}, {'name': 'Reconcile', 'type': 'Reconcile'}], 'periods': [{'name': 'CurrentYTDDuration', 'start_date': '2017-04-01', 'end_date': '2017-12-31'}, {'name': 'Prior1YTDDuration', 'start_date': '2016-04-01', 'end_date': '2016-12-31'}], 'values': [{'segment': 'MarineProductsTrading', 'period': 'CurrentYTDDuration', 'net_sales': '127010000000', 'operating_income': '2573000000', 'revenues_from_external_customers': '103950000000', 'transactions_with_other_segments': '23060000000'}, {'segment': 'MarineProductsTrading', 'period': 'Prior1YTDDuration', 'net_sales': '112957000000', 'operating_income': '2532000000', 'revenues_from_external_customers': '91889000000', 'transactions_with_other_segments': '21068000000'}, {'segment': 'FrozenFood', 'period': 'Prior1YTDDuration', 'net_sales': '55309000000', 'operating_income': '507000000', 'revenues_from_external_customers': '52571000000', 'transactions_with_other_segments': '2738000000'}, {'segment': 'FrozenFood', 'period': 'CurrentYTDDuration', 'net_sales': '59546000000', 'operating_income': '892000000', 'revenues_from_external_customers': '56118000000', 'transactions_with_other_segments': '3428000000'}, {'segment': 'RoomTemperatureFood', 'period': 'CurrentYTDDuration', 'net_sales': '14807000000', 'operating_income': '297000000', 'revenues_from_external_customers': '14600000000', 'transactions_with_other_segments': '207000000'}, {'segment': 'RoomTemperatureFood', 'period': 'Prior1YTDDuration', 'net_sales': '14268000000', 'operating_income': '74000000', 'revenues_from_external_customers': '13994000000', 'transactions_with_other_segments': '274000000'}, {'segment': 'DistributionService', 'period': 'CurrentYTDDuration', 'net_sales': '2057000000', 'operating_income': '196000000', 'revenues_from_external_customers': '785000000', 'transactions_with_other_segments': '1271000000'}, {'segment': 'DistributionService', 'period': 'Prior1YTDDuration', 'net_sales': '2603000000', 'operating_income': '80000000', 'revenues_from_external_customers': '1364000000', 'transactions_with_other_segments': '1238000000'}, {'segment': 'BonitoAndTuna', 'period': 'CurrentYTDDuration', 'net_sales': '24074000000', 'operating_income': '877000000', 'revenues_from_external_customers': '22585000000', 'transactions_with_other_segments': '1489000000'}, {'segment': 'BonitoAndTuna', 'period': 'Prior1YTDDuration', 'net_sales': '21271000000', 'operating_income': '322000000', 'revenues_from_external_customers': '19884000000', 'transactions_with_other_segments': '1387000000'}, {'segment': 'Others', 'period': 'Prior1YTDDuration', 'net_sales': '1276000000', 'operating_income': '-15000000', 'revenues_from_external_customers': '271000000', 'transactions_with_other_segments': '1004000000'}, {'segment': 'Others', 'period': 'CurrentYTDDuration', 'net_sales': '1224000000', 'operating_income': '-99000000', 'revenues_from_external_customers': '282000000', 'transactions_with_other_segments': '941000000'}, {'segment': 'Reconcile', 'period': 'Prior1YTDDuration', 'net_sales': '-27711000000', 'operating_income': '-629000000', 'revenues_from_external_customers': None, 'transactions_with_other_segments': '-27711000000'}, {'segment': 'Reconcile', 'period': 'CurrentYTDDuration', 'net_sales': '-30397000000', 'operating_income': '-874000000', 'revenues_from_external_customers': None, 'transactions_with_other_segments': '-30397000000'}]}",,,2017.0,3.0,2018-02-14 09:04:00+00:00
2,株式会社極洋,代表取締役社長　　井　上　誠,東京都港区赤坂三丁目３番５号,2018-03-31T00:00:00.000Z,2018-06-26T13:31:00.000Z,2018-06-26T13:31:00.000Z,2018-05-10T11:30:00.000Z,【E00012】株式会社　極洋 有価証券報告書－第95期(平成29年4月1日－平成30年3月31日),【13010】株式会社　極洋 平成30年3月期　決算短信〔日本基準〕(連結),Japan GAAP,10783571.0,10928283.0,144712.0,106297000000.0,81218000000.0,5046000000.0,32879000000.0,32879000000.0,,,,39921000000.0,29943000000.0,2854000000.0,7124000000.0,,1170000000.0,-13000000.0,25078000000.0,15377000000.0,6196000000.0,3436000000.0,4069000000.0,79000000.0,497000000.0,11000000.0,9203000000.0,5272000000.0,2627000000.0,-1816000000.0,,77054000000.0,51473000000.0,52100000000.0,10693000000.0,10693000000.0,,,,19384000000.0,10000000000.0,180000000.0,,,,1850000000.0,,771000000.0,24954000000.0,,,,,19800000000.0,259000000.0,,29243000000.0,28828000000.0,5664000000.0,1261000000.0,22218000000.0,-315000000.0,60000000.0,353000000.0,254783000000.0,231180000000.0,23603000000.0,9.263961881287212,19536000000.0,4066000000.0,1.5958678561756474,809000000.0,,27000000.0,77000000.0,104000000.0,438000000.0,433000000.0,,4437000000.0,1576000000.0,,,1461000000.0,,,,4552000000.0,1416000000.0,31.10720562390158,3136000000.0,-75000000.0,3211000000.0,1.2602881667929178,3201000000.0,4552000000.0,1814000000.0,,-3777000000.0,-3102000000.0,4722000000.0,-1179000000.0,,,,,-1372000000.0,12000000.0,,,-119000000.0,0.0,,,255000000.0,716000000.0,5512000000.0,-5151000000.0,,,,,-630000000.0,127000000.0,4573000000.0,267000000000.0,4800000000.0,4600000000.0,3200000000.0,60.0,297.76778026499755,2679.07541945057,6614000000.0,5880000000.0,11.114572516441676,10.994692689607945,2.396897372456419,3.6793700242298373,3.0207813955238625,3.2975374239388775,2.2395786085150573,1.2563632581451667,7.66770153424679,7.685463712239969,0.11382235078478548,10.649286768322677,9.390300230946883,95.4243445692884,84.70833333333333,100.34375,4.79506089495767,18.052139695031965,-0.34257240734973937,4.747076587297854,0.23766106843863208,47.10218107173556,63.02952245003893,16.882710442079766,62107000000.0,93.24899307969471,16.56909670286792,48.42375607966358,2.4243218739083847,1608.028741018432,46427000000.0,260.6874619392381,1.7816891658013154,155.88867562380037,14.458735596387418,28890000000.0,27.178565716812326,-105000000.0,2257.0,112885688.96765618,1801506.424457244,"{'segments': [{'name': 'MarineProductsPurchasingBusiness', 'type': 'Segment'}, {'name': 'FrozenFoodsBusiness', 'type': 'Segment'}, {'name': 'ShelfStableFoodsBusiness', 'type': 'Segment'}, {'name': 'LogisticsBusiness', 'type': 'Segment'}, {'name': 'TunaBusiness', 'type': 'Segment'}, {'name': 'NotInclude', 'type': 'NotInclude'}, {'name': 'Reconcile', 'type': 'Reconcile'}], 'periods': [{'name': 'Prior1YearDuration', 'start_date': '2016-04-01', 'end_date': '2017-03-31'}, {'name': 'CurrentYearDuration', 'start_date': '2017-04-01', 'end_date': '2018-03-31'}, {'name': 'CurrentYearInstant', 'instant': '2018-03-31'}, {'name': 'Prior1YearInstant', 'instant': '2017-03-31'}], 'values': [{'segment': 'MarineProductsPurchasingBusiness', 'period': 'Prior1YearDuration', 'net_sales': '148256000000', 'operating_income': '2918000000', 'revenues_from_external_customers': '121420000000', 'transactions_with_other_segments': '26836000000'}, {'segment': 'MarineProductsPurchasingBusiness', 'period': 'CurrentYearDuration', 'net_sales': '162048000000', 'operating_income': '2625000000', 'revenues_from_external_customers': '132056000000', 'transactions_with_other_segments': '29992000000'}, {'segment': 'FrozenFoodsBusiness', 'period': 'CurrentYearDuration', 'net_sales': '77960000000', 'operating_income': '884000000', 'revenues_from_external_customers': '73188000000', 'transactions_with_other_segments': '4772000000'}, {'segment': 'FrozenFoodsBusiness', 'period': 'Prior1YearDuration', 'net_sales': '72087000000', 'operating_income': '655000000', 'revenues_from_external_customers': '68304000000', 'transactions_with_other_segments': '3783000000'}, {'segment': 'ShelfStableFoodsBusiness', 'period': 'CurrentYearDuration', 'net_sales': '19230000000', 'operating_income': '363000000', 'revenues_from_external_customers': '18973000000', 'transactions_with_other_segments': '257000000'}, {'segment': 'ShelfStableFoodsBusiness', 'period': 'Prior1YearDuration', 'net_sales': '19222000000', 'operating_income': '102000000', 'revenues_from_external_customers': '18816000000', 'transactions_with_other_segments': '405000000'}, {'segment': 'LogisticsBusiness', 'period': 'Prior1YearDuration', 'net_sales': '3251000000', 'operating_income': '138000000', 'revenues_from_external_customers': '1604000000', 'transactions_with_other_segments': '1647000000'}, {'segment': 'LogisticsBusiness', 'period': 'CurrentYearDuration', 'net_sales': '2697000000', 'operating_income': '248000000', 'revenues_from_external_customers': '1035000000', 'transactions_with_other_segments': '1661000000'}, {'segment': 'TunaBusiness', 'period': 'CurrentYearDuration', 'net_sales': '31182000000', 'operating_income': '1029000000', 'revenues_from_external_customers': '29145000000', 'transactions_with_other_segments': '2036000000'}, {'segment': 'TunaBusiness', 'period': 'Prior1YearDuration', 'net_sales': '27810000000', 'operating_income': '696000000', 'revenues_from_external_customers': '26009000000', 'transactions_with_other_segments': '1801000000'}, {'segment': 'NotInclude', 'period': 'Prior1YearDuration', 'net_sales': '1683000000', 'operating_income': '-89000000', 'revenues_from_external_customers': '406000000', 'transactions_with_other_segments': '1276000000'}, {'segment': 'NotInclude', 'period': 'CurrentYearDuration', 'net_sales': '1621000000', 'operating_income': '-66000000', 'revenues_from_external_customers': '384000000', 'transactions_with_other_segments': '1236000000'}, {'segment': 'Reconcile', 'period': 'Prior1YearDuration', 'net_sales': '-35750000000', 'operating_income': '-697000000', 'revenues_from_external_customers': None, 'transactions_with_other_segments': '-35750000000'}, {'segment': 'Reconcile', 'period': 'CurrentYearDuration', 'net_sales': '-39957000000', 'operating_income': '-1019000000', 'revenues_from_external_customers': None, 'transactions_with_other_segments': '-39957000000'}]}",1571000000.0,290000000.0,2017.0,4.0,2018-06-26 13:31:00+00:00
3,株式会社　極洋,代表取締役社長　井　上　誠,東京都港区赤坂三丁目３番５号,2018-06-30T00:00:00.000Z,2018-08-10T13:13:00.000Z,2018-08-10T13:13:00.000Z,2018-08-03T11:30:00.000Z,【E00012】株式会社　極洋 四半期報告書－第96期第1四半期(平成30年4月1日－平成30年6月30日),【13010】株式会社　極洋 平成31年3月期　第1四半期決算短信〔日本基準〕(連結),Japan GAAP,10784762.0,10928283.0,143521.0,112367000000.0,87022000000.0,4978000000.0,33951000000.0,33951000000.0,,,,46045000000.0,46045000000.0,,,,,-13000000.0,25344000000.0,15258000000.0,,,,,482000000.0,5000000.0,9603000000.0,5945000000.0,,-1816000000.0,,82699000000.0,56813000000.0,56076000000.0,11347000000.0,11347000000.0,,,,23435000000.0,10000000000.0,,,,,1850000000.0,,227000000.0,26623000000.0,,,,,21528000000.0,,,29667000000.0,28872000000.0,5664000000.0,1261000000.0,22258000000.0,-311000000.0,502000000.0,292000000.0,57957000000.0,52484000000.0,5472000000.0,9.441482478389151,4907000000.0,565000000.0,0.9748606725675932,283000000.0,,10000000.0,50000000.0,80000000.0,110000000.0,104000000.0,,737000000.0,1000000.0,,,9000000.0,,6000000.0,,730000000.0,226000000.0,30.958904109589042,504000000.0,-50000000.0,555000000.0,0.9576065013717066,,730000000.0,,,,,,,,,,,,,,,,,,,,,,,,,,,,,0.0,267000000000.0,4800000000.0,4600000000.0,3200000000.0,,270.1960414147294,2723.7504174871915,4800000000.0,565000000.0,9.92,9.816074917469514,2.279592762999813,3.825259574468085,2.5932880650012904,3.0038984545412357,2.5699858382978724,0.0,8.466621805821557,0.0,0.0,18.4070796460177,5.4326923076923075,21.706741573033707,11.770833333333334,17.34375,360.68637093017236,749.5575221238939,476.57657657657654,4.430126282627462,0.23320619478354562,48.37816366127792,72.3024917615274,17.817708198893506,68649000000.0,102.86294722391182,16.78798007602569,50.56021785755605,2.661539482570827,-1379.6260320543954,51835000000.0,275.8656347988525,1.934059574468085,155.18581924530994,17.788263555250516,29375000000.0,26.142016784287204,563000000.0,,,,"{'segments': [{'name': 'MarineProductsTrading', 'type': 'Segment'}, {'name': 'FrozenFood', 'type': 'Segment'}, {'name': 'RoomTemperatureFood', 'type': 'Segment'}, {'name': 'DistributionService', 'type': 'Segment'}, {'name': 'BonitoAndTuna', 'type': 'Segment'}, {'name': 'Others', 'type': 'Others'}, {'name': 'Reconcile', 'type': 'Reconcile'}], 'periods': [{'name': 'CurrentYTDDuration', 'start_date': '2018-04-01', 'end_date': '2018-06-30'}, {'name': 'Prior1YTDDuration', 'start_date': '2017-04-01', 'end_date': '2017-06-30'}], 'values': [{'segment': 'MarineProductsTrading', 'period': 'CurrentYTDDuration', 'net_sales': '34447000000', 'operating_income': '335000000', 'revenues_from_external_customers': '27100000000', 'transactions_with_other_segments': '7346000000'}, {'segment': 'MarineProductsTrading', 'period': 'Prior1YTDDuration', 'net_sales': '33358000000', 'operating_income': '864000000', 'revenues_from_external_customers': '27775000000', 'transactions_with_other_segments': '5582000000'}, {'segment': 'FrozenFood', 'period': 'Prior1YTDDuration', 'net_sales': '17105000000', 'operating_income': '222000000', 'revenues_from_external_customers': '16228000000', 'transactions_with_other_segments': '877000000'}, {'segment': 'FrozenFood', 'period': 'CurrentYTDDuration', 'net_sales': '19369000000', 'operating_income': '97000000', 'revenues_from_external_customers': '17935000000', 'transactions_with_other_segments': '1434000000'}, {'segment': 'RoomTemperatureFood', 'period': 'Prior1YTDDuration', 'net_sales': '5013000000', 'operating_income': '104000000', 'revenues_from_external_customers': '4941000000', 'transactions_with_other_segments': '71000000'}, {'segment': 'RoomTemperatureFood', 'period': 'CurrentYTDDuration', 'net_sales': '4825000000', 'operating_income': '110000000', 'revenues_from_external_customers': '4769000000', 'transactions_with_other_segments': '56000000'}, {'segment': 'DistributionService', 'period': 'Prior1YTDDuration', 'net_sales': '668000000', 'operating_income': '49000000', 'revenues_from_external_customers': '251000000', 'transactions_with_other_segments': '416000000'}, {'segment': 'DistributionService', 'period': 'CurrentYTDDuration', 'net_sales': '677000000', 'operating_income': '58000000', 'revenues_from_external_customers': '253000000', 'transactions_with_other_segments': '424000000'}, {'segment': 'BonitoAndTuna', 'period': 'CurrentYTDDuration', 'net_sales': '8473000000', 'operating_income': '285000000', 'revenues_from_external_customers': '7830000000', 'transactions_with_other_segments': '642000000'}, {'segment': 'BonitoAndTuna', 'period': 'Prior1YTDDuration', 'net_sales': '8005000000', 'operating_income': '123000000', 'revenues_from_external_customers': '7571000000', 'transactions_with_other_segments': '434000000'}, {'segment': 'Others', 'period': 'Prior1YTDDuration', 'net_sales': '392000000', 'operating_income': '-22000000', 'revenues_from_external_customers': '75000000', 'transactions_with_other_segments': '317000000'}, {'segment': 'Others', 'period': 'CurrentYTDDuration', 'net_sales': '377000000', 'operating_income': '-39000000', 'revenues_from_external_customers': '68000000', 'transactions_with_other_segments': '309000000'}, {'segment': 'Reconcile', 'period': 'Prior1YTDDuration', 'net_sales': '-7699000000', 'operating_income': '-361000000', 'revenues_from_external_customers': None, 'transactions_with_other_segments': '-7699000000'}, {'segment': 'Reconcile', 'period': 'CurrentYTDDuration', 'net_sales': '-10214000000', 'operating_income': '-283000000', 'revenues_from_external_customers': None, 'transactions_with_other_segments': '-10214000000'}]}",,,2018.0,1.0,2018-08-10 13:13:00+00:00
4,株式会社　極洋,代表取締役社長　井　上　誠,東京都港区赤坂三丁目３番５号,2018-09-30T00:00:00.000Z,2018-11-06T14:37:00.000Z,2018-11-06T14:37:00.000Z,2018-11-05T11:30:00.000Z,【E00012】株式会社　極洋 四半期報告書－第96期第2四半期(平成30年7月1日－平成30年9月30日),【13010】株式会社　極洋 平成31年3月期　第2四半期決算短信〔日本基準〕(連結),Japan GAAP,10819221.0,10928283.0,109062.0,121834000000.0,95895000000.0,6598000000.0,38013000000.0,38013000000.0,,,,49287000000.0,39547000000.0,3100000000.0,6640000000.0,,,-8000000.0,25938000000.0,15502000000.0,,,,,517000000.0,,9917000000.0,6296000000.0,,-1814000000.0,,91580000000.0,64508000000.0,65280000000.0,11778000000.0,11778000000.0,,,,31378000000.0,10000000000.0,,,,,1750000000.0,,438000000.0,26300000000.0,,,,,21380000000.0,,,30253000000.0,29256000000.0,5664000000.0,1308000000.0,22527000000.0,-244000000.0,712000000.0,284000000.0,119202000000.0,108196000000.0,11006000000.0,9.233066559285918,9933000000.0,1072000000.0,0.8993137699031896,499000000.0,,14000000.0,52000000.0,122000000.0,240000000.0,209000000.0,,1332000000.0,4000000.0,,0.0,208000000.0,,,,1127000000.0,354000000.0,31.410825199645075,773000000.0,-51000000.0,824000000.0,0.6912635694031979,-10161000000.0,1127000000.0,909000000.0,,-5283000000.0,-9448000000.0,1207000000.0,-1200000000.0,,,,,-964000000.0,2000000.0,,,-259000000.0,0.0,,,12935000000.0,12126000000.0,2000000000.0,-450000000.0,,,,,-649000000.0,-19000000.0,-9197000000.0,267000000000.0,4800000000.0,4600000000.0,3200000000.0,,269.3354724891931,2769.9776166879296,5709000000.0,1981000000.0,9.723380826854417,9.64485486380035,2.1024590836712247,4.065334178651273,2.391778977953609,2.740349503053653,2.527096232773866,-8.524185835808124,8.33291387728394,8.259131382882064,0.0,19.496268656716417,5.1291866028708135,44.64494382022472,22.333333333333332,25.75,123.9895303770071,347.7611940298507,288.3495145631068,5.415565441502372,0.3090989299280502,54.16627301864916,77.39326553263984,18.49448904261635,75522000000.0,113.06504950867264,16.523738872403563,52.947453091911946,3.022029974507224,-1566.4885866925692,57910000000.0,300.2918319834738,2.1524909072708467,146.89797794117646,19.87302676733013,29969000000.0,24.598223812728794,11189000000.0,,,,"{'segments': [{'name': 'MarineProductsTrading', 'type': 'Segment'}, {'name': 'FrozenFood', 'type': 'Segment'}, {'name': 'RoomTemperatureFood', 'type': 'Segment'}, {'name': 'DistributionService', 'type': 'Segment'}, {'name': 'BonitoAndTuna', 'type': 'Segment'}, {'name': 'NotInclude', 'type': 'NotInclude'}, {'name': 'Reconcile', 'type': 'Reconcile'}], 'periods': [{'name': 'CurrentYTDDuration', 'start_date': '2018-04-01', 'end_date': '2018-09-30'}, {'name': 'Prior1YTDDuration', 'start_date': '2017-04-01', 'end_date': '2017-09-30'}], 'values': [{'segment': 'MarineProductsTrading', 'period': 'CurrentYTDDuration', 'net_sales': '71935000000', 'operating_income': '957000000', 'revenues_from_external_customers': '56221000000', 'transactions_with_other_segments': '15713000000'}, {'segment': 'MarineProductsTrading', 'period': 'Prior1YTDDuration', 'net_sales': '73162000000', 'operating_income': '1545000000', 'revenues_from_external_customers': '60714000000', 'transactions_with_other_segments': '12447000000'}, {'segment': 'FrozenFood', 'period': 'Prior1YTDDuration', 'net_sales': '36817000000', 'operating_income': '555000000', 'revenues_from_external_customers': '34946000000', 'transactions_with_other_segments': '1871000000'}, {'segment': 'FrozenFood', 'period': 'CurrentYTDDuration', 'net_sales': '41334000000', 'operating_income': '291000000', 'revenues_from_external_customers': '38772000000', 'transactions_with_other_segments': '2562000000'}, {'segment': 'RoomTemperatureFood', 'period': 'Prior1YTDDuration', 'net_sales': '9589000000', 'operating_income': '220000000', 'revenues_from_external_customers': '9455000000', 'transactions_with_other_segments': '133000000'}, {'segment': 'RoomTemperatureFood', 'period': 'CurrentYTDDuration', 'net_sales': '9481000000', 'operating_income': '178000000', 'revenues_from_external_customers': '9369000000', 'transactions_with_other_segments': '111000000'}, {'segment': 'DistributionService', 'period': 'Prior1YTDDuration', 'net_sales': '1333000000', 'operating_income': '117000000', 'revenues_from_external_customers': '510000000', 'transactions_with_other_segments': '822000000'}, {'segment': 'DistributionService', 'period': 'CurrentYTDDuration', 'net_sales': '1376000000', 'operating_income': '136000000', 'revenues_from_external_customers': '515000000', 'transactions_with_other_segments': '860000000'}, {'segment': 'BonitoAndTuna', 'period': 'CurrentYTDDuration', 'net_sales': '15733000000', 'operating_income': '150000000', 'revenues_from_external_customers': '14127000000', 'transactions_with_other_segments': '1606000000'}, {'segment': 'BonitoAndTuna', 'period': 'Prior1YTDDuration', 'net_sales': '15598000000', 'operating_income': '581000000', 'revenues_from_external_customers': '14648000000', 'transactions_with_other_segments': '949000000'}, {'segment': 'NotInclude', 'period': 'CurrentYTDDuration', 'net_sales': '813000000', 'operating_income': '-71000000', 'revenues_from_external_customers': '195000000', 'transactions_with_other_segments': '617000000'}, {'segment': 'NotInclude', 'period': 'Prior1YTDDuration', 'net_sales': '802000000', 'operating_income': '-57000000', 'revenues_from_external_customers': '182000000', 'transactions_with_other_segments': '620000000'}, {'segment': 'Reconcile', 'period': 'Prior1YTDDuration', 'net_sales': '-16845000000', 'operating_income': '-716000000', 'revenues_from_external_customers': None, 'transactions_with_other_segments': '-16845000000'}, {'segment': 'Reconcile', 'period': 'CurrentYTDDuration', 'net_sales': '-21473000000', 'operating_income': '-569000000', 'revenues_from_external_customers': None, 'transactions_with_other_segments': '-21473000000'}]}",,,2018.0,2.0,2018-11-06 14:37:00+00:00
5,株式会社　極洋,代表取締役社長　井　上　誠,東京都港区赤坂三丁目３番５号,2018-12-31T00:00:00.000Z,2019-02-12T13:37:00.000Z,2019-02-12T13:37:00.000Z,2019-02-08T11:30:00.000Z,【E00012】株式会社　極洋 四半期報告書－第96期第3四半期(平成30年10月1日－平成30年12月31日),【13010】株式会社　極洋 平成31年3月期 第3四半期決算短信〔日本基準〕(連結),Japan GAAP,10819171.0,10928283.0,109112.0,130246000000.0,105140000000.0,5419000000.0,51332000000.0,51332000000.0,,,,46206000000.0,46206000000.0,,,,,-8000000.0,25105000000.0,15369000000.0,,,,,508000000.0,,9227000000.0,5700000000.0,,-1814000000.0,,98712000000.0,71451000000.0,69974000000.0,12621000000.0,12621000000.0,,,,37487000000.0,10000000000.0,,,,,,,268000000.0,28737000000.0,,,,,23964000000.0,,,31533000000.0,30933000000.0,5664000000.0,1308000000.0,24204000000.0,-244000000.0,210000000.0,389000000.0,197783000000.0,179411000000.0,18372000000.0,9.288968212637082,15091000000.0,3280000000.0,1.6583831775228406,1020000000.0,,24000000.0,104000000.0,161000000.0,377000000.0,326000000.0,,3923000000.0,8000000.0,,0.0,265000000.0,,14000000.0,,3666000000.0,1128000000.0,30.76923076923077,2537000000.0,36000000.0,2501000000.0,1.2645171728611662,,3666000000.0,,,,,,,,,,,,,,,,,,,,,,,,,,,,,0.0,267000000000.0,4800000000.0,4600000000.0,3200000000.0,,269.3367172031942,2878.5939329362664,4800000000.0,3280000000.0,9.356537374775238,9.283802727156875,1.9666707614821184,4.182057539172875,2.2373047924696343,2.5235147911691604,2.4317427754944774,0.0,7.630079430486949,0.0,0.0,9.939024390243903,10.061349693251534,74.07602996254681,68.33333333333333,78.15625,34.99643548737759,46.34146341463414,27.94882047181129,4.160588424980421,0.2538658837951052,73.14505896912368,72.55530316718722,19.818215843679823,84917000000.0,125.88214629263108,16.666731732708698,54.85849853354422,3.347291246179011,-1735.0898494414764,66032000000.0,310.6397709034837,2.2942139737991267,150.25580930059738,22.660260809883322,31144000000.0,23.911674830704975,2758000000.0,,,,"{'segments': [{'name': 'MarineProductsTrading', 'type': 'Segment'}, {'name': 'FrozenFood', 'type': 'Segment'}, {'name': 'RoomTemperatureFood', 'type': 'Segment'}, {'name': 'DistributionService', 'type': 'Segment'}, {'name': 'BonitoAndTuna', 'type': 'Segment'}, {'name': 'Others', 'type': 'Others'}, {'name': 'Reconcile', 'type': 'Reconcile'}], 'periods': [{'name': 'CurrentYTDDuration', 'start_date': '2018-04-01', 'end_date': '2018-12-31'}, {'name': 'Prior1YTDDuration', 'start_date': '2017-04-01', 'end_date': '2017-12-31'}], 'values': [{'segment': 'MarineProductsTrading', 'period': 'CurrentYTDDuration', 'net_sales': '124420000000', 'operating_income': '2139000000', 'revenues_from_external_customers': '96875000000', 'transactions_with_other_segments': '27545000000'}, {'segment': 'MarineProductsTrading', 'period': 'Prior1YTDDuration', 'net_sales': '125621000000', 'operating_income': '2560000000', 'revenues_from_external_customers': '103029000000', 'transactions_with_other_segments': '22591000000'}, {'segment': 'FrozenFood', 'period': 'Prior1YTDDuration', 'net_sales': '60253000000', 'operating_income': '905000000', 'revenues_from_external_customers': '57039000000', 'transactions_with_other_segments': '3213000000'}, {'segment': 'FrozenFood', 'period': 'CurrentYTDDuration', 'net_sales': '67436000000', 'operating_income': '833000000', 'revenues_from_external_customers': '63405000000', 'transactions_with_other_segments': '4030000000'}, {'segment': 'RoomTemperatureFood', 'period': 'CurrentYTDDuration', 'net_sales': '14581000000', 'operating_income': '363000000', 'revenues_from_external_customers': '14395000000', 'transactions_with_other_segments': '186000000'}, {'segment': 'RoomTemperatureFood', 'period': 'Prior1YTDDuration', 'net_sales': '14807000000', 'operating_income': '297000000', 'revenues_from_external_customers': '14600000000', 'transactions_with_other_segments': '207000000'}, {'segment': 'DistributionService', 'period': 'CurrentYTDDuration', 'net_sales': '2099000000', 'operating_income': '210000000', 'revenues_from_external_customers': '763000000', 'transactions_with_other_segments': '1335000000'}, {'segment': 'DistributionService', 'period': 'Prior1YTDDuration', 'net_sales': '2057000000', 'operating_income': '196000000', 'revenues_from_external_customers': '785000000', 'transactions_with_other_segments': '1271000000'}, {'segment': 'BonitoAndTuna', 'period': 'Prior1YTDDuration', 'net_sales': '24074000000', 'operating_income': '877000000', 'revenues_from_external_customers': '22585000000', 'transactions_with_other_segments': '1489000000'}, {'segment': 'BonitoAndTuna', 'period': 'CurrentYTDDuration', 'net_sales': '24761000000', 'operating_income': '603000000', 'revenues_from_external_customers': '22049000000', 'transactions_with_other_segments': '2711000000'}, {'segment': 'Others', 'period': 'Prior1YTDDuration', 'net_sales': '1224000000', 'operating_income': '-99000000', 'revenues_from_external_customers': '282000000', 'transactions_with_other_segments': '941000000'}, {'segment': 'Others', 'period': 'CurrentYTDDuration', 'net_sales': '1221000000', 'operating_income': '-104000000', 'revenues_from_external_customers': '293000000', 'transactions_with_other_segments': '927000000'}, {'segment': 'Reconcile', 'period': 'CurrentYTDDuration', 'net_sales': '-36737000000', 'operating_income': '-766000000', 'revenues_from_external_customers': None, 'transactions_with_other_segments': '-36737000000'}, {'segment': 'Reconcile', 'period': 'Prior1YTDDuration', 'net_sales': '-29714000000', 'operating_income': '-874000000', 'revenues_from_external_customers': None, 'transactions_with_other_segments': '-29714000000'}]}",,,2018.0,3.0,2019-02-12 13:37:00+00:00
6,株式会社極洋,代表取締役社長　　井　上　誠,東京都港区赤坂三丁目３番５号,2019-03-31T00:00:00.000Z,2019-06-25T13:07:00.000Z,2019-06-25T13:07:00.000Z,2019-05-13T11:30:00.000Z,【E00012】株式会社　極洋 有価証券報告書－第96期(平成30年4月1日－平成31年3月31日),【13010】株式会社　極洋 2019年3月期 決算短信〔日本基準〕(連結),Japan GAAP,10819171.0,10928283.0,109112.0,114673000000.0,89425000000.0,4818000000.0,35540000000.0,35540000000.0,,,,44946000000.0,34458000000.0,3049000000.0,7439000000.0,,,-7000000.0,25248000000.0,14981000000.0,5776000000.0,3851000000.0,3858000000.0,39000000.0,549000000.0,,9717000000.0,6248000000.0,2181000000.0,-1793000000.0,,82677000000.0,58022000000.0,54730000000.0,9208000000.0,9208000000.0,,,,24469000000.0,10000000000.0,158000000.0,,,,,,472000000.0,27946000000.0,,,,,23193000000.0,202000000.0,,31996000000.0,31346000000.0,5664000000.0,1308000000.0,24618000000.0,-244000000.0,475000000.0,174000000.0,256151000000.0,232446000000.0,23705000000.0,9.25430702983787,19873000000.0,3831000000.0,1.4956022033878456,1123000000.0,,32000000.0,104000000.0,207000000.0,520000000.0,443000000.0,,4434000000.0,125000000.0,,0.0,570000000.0,,12000000.0,156000000.0,3989000000.0,1242000000.0,31.13562296314866,2746000000.0,-168000000.0,2914000000.0,1.13761023771135,-4118000000.0,3989000000.0,1882000000.0,,-2777000000.0,-5046000000.0,-1415000000.0,-2494000000.0,,,,,-2064000000.0,5000000.0,,,-324000000.0,1000000.0,,,5958000000.0,5130000000.0,7781000000.0,-4372000000.0,,,,,-649000000.0,-15000000.0,-2054000000.0,286000000000.0,5500000000.0,5400000000.0,3800000000.0,70.0,269.3367172031942,2941.2604718050948,7382000000.0,5713000000.0,9.157186851863491,9.087507016777895,2.2337516241835482,3.6035761422914963,2.54113871617556,2.8816615466809137,2.379932028156621,-1.6076454903552984,7.758314431721915,7.939253322083949,0.11867999734531584,11.56356042808666,8.647855530474041,89.56328671328671,69.65454545454546,76.6842105263158,11.652892239343204,43.56564865570347,30.40494166094716,4.201512125783751,0.22571061600384146,50.642394525104336,70.57677912289306,14.45892809512747,71278000000.0,106.76024555286992,17.098391295641147,50.59778675015043,2.718177949724967,-1408.9849441476445,53204000000.0,256.4423076923077,1.8233297718559487,163.39302028138133,18.258064516129032,31822000000.0,27.75021147087806,7477000000.0,2264.0,113140901.06007068,1692137.809187279,"{'segments': [{'name': 'MarineProductsPurchasingBusiness', 'type': 'Segment'}, {'name': 'FrozenFoodsBusiness', 'type': 'Segment'}, {'name': 'ShelfStableFoodsBusiness', 'type': 'Segment'}, {'name': 'LogisticsBusiness', 'type': 'Segment'}, {'name': 'TunaBusiness', 'type': 'Segment'}, {'name': 'Others', 'type': 'Others'}, {'name': 'NotInclude', 'type': 'NotInclude'}, {'name': 'Reconcile', 'type': 'Reconcile'}], 'periods': [{'name': 'CurrentYearInstant', 'instant': '2019-03-31'}, {'name': 'CurrentYearDuration', 'start_date': '2018-04-01', 'end_date': '2019-03-31'}, {'name': 'Prior1YearDuration', 'start_date': '2017-04-01', 'end_date': '2018-03-31'}, {'name': 'Prior1YearInstant', 'instant': '2018-03-31'}], 'values': [{'segment': 'MarineProductsPurchasingBusiness', 'period': 'CurrentYearDuration', 'net_sales': '159253000000', 'operating_income': '2444000000', 'revenues_from_external_customers': '124952000000', 'transactions_with_other_segments': '34300000000'}, {'segment': 'FrozenFoodsBusiness', 'period': 'CurrentYearDuration', 'net_sales': '87545000000', 'operating_income': '932000000', 'revenues_from_external_customers': '82405000000', 'transactions_with_other_segments': '5139000000'}, {'segment': 'ShelfStableFoodsBusiness', 'period': 'CurrentYearDuration', 'net_sales': '19263000000', 'operating_income': '482000000', 'revenues_from_external_customers': '18976000000', 'transactions_with_other_segments': '287000000'}, {'segment': 'LogisticsBusiness', 'period': 'CurrentYearDuration', 'net_sales': '2727000000', 'operating_income': '265000000', 'revenues_from_external_customers': '994000000', 'transactions_with_other_segments': '1732000000'}, {'segment': 'TunaBusiness', 'period': 'CurrentYearDuration', 'net_sales': '32017000000', 'operating_income': '737000000', 'revenues_from_external_customers': '28442000000', 'transactions_with_other_segments': '3574000000'}, {'segment': 'MarineProductsPurchasingBusiness', 'period': 'Prior1YearDuration', 'net_sales': '160250000000', 'operating_income': '2612000000', 'revenues_from_external_customers': '130847000000', 'transactions_with_other_segments': '29402000000'}, {'segment': 'FrozenFoodsBusiness', 'period': 'Prior1YearDuration', 'net_sales': '78849000000', 'operating_income': '897000000', 'revenues_from_external_customers': '74396000000', 'transactions_with_other_segments': '4452000000'}, {'segment': 'ShelfStableFoodsBusiness', 'period': 'Prior1YearDuration', 'net_sales': '19230000000', 'operating_income': '363000000', 'revenues_from_external_customers': '18973000000', 'transactions_with_other_segments': '257000000'}, {'segment': 'LogisticsBusiness', 'period': 'Prior1YearDuration', 'net_sales': '2697000000', 'operating_income': '248000000', 'revenues_from_external_customers': '1035000000', 'transactions_with_other_segments': '1661000000'}, {'segment': 'TunaBusiness', 'period': 'Prior1YearDuration', 'net_sales': '31182000000', 'operating_income': '1029000000', 'revenues_from_external_customers': '29145000000', 'transactions_with_other_segments': '2036000000'}, {'segment': 'NotInclude', 'period': 'CurrentYearDuration', 'net_sales': '1606000000', 'operating_income': '-148000000', 'revenues_from_external_customers': '378000000', 'transactions_with_other_segments': '1228000000'}, {'segment': 'NotInclude', 'period': 'Prior1YearDuration', 'net_sales': '1621000000', 'operating_income': '-66000000', 'revenues_from_external_customers': '384000000', 'transactions_with_other_segments': '1236000000'}, {'segment': 'Reconcile', 'period': 'Prior1YearDuration', 'net_sales': '-39048000000', 'operating_income': '-1019000000', 'revenues_from_external_customers': None, 'transactions_with_other_segments': '-39048000000'}, {'segment': 'Reconcile', 'period': 'CurrentYearDuration', 'net_sales': '-46262000000', 'operating_income': '-882000000', 'revenues_from_external_customers': None, 'transactions_with_other_segments': '-46262000000'}]}",2207000000.0,304000000.0,2018.0,4.0,2019-06-25 13:07:00+00:00
7,株式会社　極洋,代表取締役社長　井　上　誠,東京都港区赤坂三丁目３番５号,2019-06-30T00:00:00.000Z,2019-08-09T13:04:00.000Z,2019-08-09T13:04:00.000Z,2019-08-02T11:30:00.000Z,【E00012】株式会社　極洋 四半期報告書－第97期第1四半期(平成31年4月1日－令和1年6月30日),【13010】株式会社　極洋 2020年3月期 第1四半期決算短信〔日本基準〕(連結),Japan GAAP,10819087.0,10928283.0,109196.0,122181000000.0,97344000000.0,5787000000.0,37183000000.0,37183000000.0,,,,52083000000.0,52083000000.0,,,,,-7000000.0,24837000000.0,14816000000.0,,,,,540000000.0,,9479000000.0,5898000000.0,,-1793000000.0,,90641000000.0,64076000000.0,63081000000.0,12104000000.0,12104000000.0,,,,31204000000.0,10000000000.0,,,,,,,346000000.0,27559000000.0,,,,,22872000000.0,,,31540000000.0,31292000000.0,5664000000.0,1308000000.0,24564000000.0,-244000000.0,120000000.0,127000000.0,62644000000.0,56386000000.0,6258000000.0,9.989783538726774,5488000000.0,770000000.0,1.2291679969350615,384000000.0,,2000000.0,63000000.0,49000000.0,139000000.0,115000000.0,,1015000000.0,0.0,,,10000000.0,,,10000000.0,1005000000.0,350000000.0,34.82587064676617,655000000.0,-51000000.0,706000000.0,1.1270033842027967,,1005000000.0,,,,,,,,,,,,,,,,,,,,,,,,,,,,,0.0,286000000000.0,5500000000.0,5400000000.0,3800000000.0,,188.27836396915933,2903.4797483373595,5500000000.0,770000000.0,6.48457644924076,6.434595823988375,2.1486073939483226,3.889504345334734,1.6671986642767695,1.6567353307710837,2.410900232387865,0.0,8.760615541791712,0.0,0.0,14.935064935064934,6.695652173913044,21.903496503496502,14.0,18.57894736842105,356.5481131473086,614.2857142857143,438.24362606232296,4.736415645640484,0.26452942453689066,51.69833421580914,79.7833376700773,18.541511033516038,77162000000.0,112.94016085237041,17.718615010799137,52.443505946096366,2.928976569314983,680.9351753453773,58289000000.0,285.1780770198842,2.039792442619298,154.31587958339279,28.61512027491409,31413000000.0,25.710216809487562,716000000.0,,,,"{'segments': [{'name': 'MarineProductsTrading', 'type': 'Segment'}, {'name': 'FrozenFood', 'type': 'Segment'}, {'name': 'RoomTemperatureFood', 'type': 'Segment'}, {'name': 'DistributionService', 'type': 'Segment'}, {'name': 'BonitoAndTuna', 'type': 'Segment'}, {'name': 'Others', 'type': 'Others'}, {'name': 'Reconcile', 'type': 'Reconcile'}], 'periods': [{'name': 'Prior1YTDDuration', 'start_date': '2018-04-01', 'end_date': '2018-06-30'}, {'name': 'CurrentYTDDuration', 'start_date': '2019-04-01', 'end_date': '2019-06-30'}], 'values': [{'segment': 'MarineProductsTrading', 'period': 'Prior1YTDDuration', 'net_sales': '34447000000', 'operating_income': '335000000', 'revenues_from_external_customers': '27100000000', 'transactions_with_other_segments': '7346000000'}, {'segment': 'MarineProductsTrading', 'period': 'CurrentYTDDuration', 'net_sales': '37838000000', 'operating_income': '380000000', 'revenues_from_external_customers': '29912000000', 'transactions_with_other_segments': '7926000000'}, {'segment': 'FrozenFood', 'period': 'Prior1YTDDuration', 'net_sales': '19369000000', 'operating_income': '97000000', 'revenues_from_external_customers': '17935000000', 'transactions_with_other_segments': '1434000000'}, {'segment': 'FrozenFood', 'period': 'CurrentYTDDuration', 'net_sales': '21106000000', 'operating_income': '172000000', 'revenues_from_external_customers': '19829000000', 'transactions_with_other_segments': '1276000000'}, {'segment': 'RoomTemperatureFood', 'period': 'CurrentYTDDuration', 'net_sales': '4932000000', 'operating_income': '194000000', 'revenues_from_external_customers': '4861000000', 'transactions_with_other_segments': '70000000'}, {'segment': 'RoomTemperatureFood', 'period': 'Prior1YTDDuration', 'net_sales': '4825000000', 'operating_income': '110000000', 'revenues_from_external_customers': '4769000000', 'transactions_with_other_segments': '56000000'}, {'segment': 'DistributionService', 'period': 'CurrentYTDDuration', 'net_sales': '655000000', 'operating_income': '75000000', 'revenues_from_external_customers': '218000000', 'transactions_with_other_segments': '436000000'}, {'segment': 'DistributionService', 'period': 'Prior1YTDDuration', 'net_sales': '677000000', 'operating_income': '58000000', 'revenues_from_external_customers': '253000000', 'transactions_with_other_segments': '424000000'}, {'segment': 'BonitoAndTuna', 'period': 'CurrentYTDDuration', 'net_sales': '8875000000', 'operating_income': '221000000', 'revenues_from_external_customers': '7739000000', 'transactions_with_other_segments': '1136000000'}, {'segment': 'BonitoAndTuna', 'period': 'Prior1YTDDuration', 'net_sales': '8473000000', 'operating_income': '285000000', 'revenues_from_external_customers': '7830000000', 'transactions_with_other_segments': '642000000'}, {'segment': 'Others', 'period': 'Prior1YTDDuration', 'net_sales': '377000000', 'operating_income': '-39000000', 'revenues_from_external_customers': '68000000', 'transactions_with_other_segments': '309000000'}, {'segment': 'Others', 'period': 'CurrentYTDDuration', 'net_sales': '403000000', 'operating_income': '-14000000', 'revenues_from_external_customers': '83000000', 'transactions_with_other_segments': '319000000'}, {'segment': 'Reconcile', 'period': 'CurrentYTDDuration', 'net_sales': '-11166000000', 'operating_income': '-259000000', 'revenues_from_external_customers': None, 'transactions_with_other_segments': '-11166000000'}, {'segment': 'Reconcile', 'period': 'Prior1YTDDuration', 'net_sales': '-10214000000', 'operating_income': '-283000000', 'revenues_from_external_customers': None, 'transactions_with_other_segments': '-10214000000'}]}",,,2019.0,1.0,2019-08-09 13:04:00+00:00
8,株式会社　極洋,代表取締役社長　井　上　誠,東京都港区赤坂三丁目３番５号,2019-09-30T00:00:00.000Z,2019-11-06T10:43:00.000Z,2019-11-06T10:43:00.000Z,2019-11-05T11:30:00.000Z,【E00012】株式会社　極洋 四半期報告書－第97期第2四半期(令和1年7月1日－令和1年9月30日),【13010】株式会社　極洋 2020年3月期 第2四半期決算短信〔日本基準〕(連結),Japan GAAP,10819080.0,10928283.0,109203.0,119707000000.0,93563000000.0,4397000000.0,37396000000.0,37396000000.0,,,,49907000000.0,38538000000.0,3249000000.0,8119000000.0,,,-7000000.0,26143000000.0,15653000000.0,,,,,543000000.0,,9946000000.0,6308000000.0,,-1793000000.0,,87944000000.0,64224000000.0,61897000000.0,9673000000.0,9673000000.0,,,,32886000000.0,10000000000.0,,,,,,,702000000.0,26047000000.0,,,,,21338000000.0,,,31762000000.0,31296000000.0,5664000000.0,1308000000.0,24568000000.0,-244000000.0,400000000.0,65000000.0,126884000000.0,115283000000.0,11600000000.0,9.142208631505943,10865000000.0,735000000.0,0.5792692538066265,661000000.0,,4000000.0,64000000.0,88000000.0,268000000.0,225000000.0,,1128000000.0,0.0,,,38000000.0,,23000000.0,11000000.0,1091000000.0,495000000.0,45.37121906507791,595000000.0,-114000000.0,710000000.0,0.5595662179628637,-4324000000.0,1091000000.0,933000000.0,,-1908000000.0,-4909000000.0,427000000.0,-1821000000.0,,,,,-1621000000.0,0.0,,,-214000000.0,,,,5731000000.0,4498000000.0,2700000000.0,-616000000.0,,,,,-760000000.0,-9000000.0,-2703000000.0,280000000000.0,4000000000.0,4500000000.0,3000000000.0,,188.27848578622212,2929.7315483386756,4933000000.0,1668000000.0,6.426475691705839,6.377383300460224,2.193012939928325,3.7766034640502255,1.7016548739839776,1.6492738816317594,2.3892974098495126,-3.4078370795372153,8.562939377699315,8.043103448275863,0.0,30.612244897959183,3.2666666666666666,45.315714285714286,18.375,23.666666666666668,120.67400145014342,444.21768707482994,322.53521126760563,3.67313523854077,0.20099116635367345,51.99448420876203,76.45003231573735,14.817583957964361,77630000000.0,113.626932566535,16.77116207755702,53.6509978530913,2.935741793927297,682.5079702444208,59827000000.0,274.77347997250513,2.0261854434173583,151.15918380535405,29.370152184585173,31697000000.0,26.47881911667655,5072000000.0,,,,"{'segments': [{'name': 'MarineProductsTrading', 'type': 'Segment'}, {'name': 'FrozenFood', 'type': 'Segment'}, {'name': 'RoomTemperatureFood', 'type': 'Segment'}, {'name': 'DistributionService', 'type': 'Segment'}, {'name': 'BonitoAndTuna', 'type': 'Segment'}, {'name': 'NotInclude', 'type': 'NotInclude'}, {'name': 'Reconcile', 'type': 'Reconcile'}], 'periods': [{'name': 'Prior1YTDDuration', 'start_date': '2018-04-01', 'end_date': '2018-09-30'}, {'name': 'CurrentYTDDuration', 'start_date': '2019-04-01', 'end_date': '2019-09-30'}], 'values': [{'segment': 'MarineProductsTrading', 'period': 'Prior1YTDDuration', 'net_sales': '71935000000', 'operating_income': '957000000', 'revenues_from_external_customers': '56221000000', 'transactions_with_other_segments': '15713000000'}, {'segment': 'MarineProductsTrading', 'period': 'CurrentYTDDuration', 'net_sales': '78272000000', 'operating_income': '269000000', 'revenues_from_external_customers': '62101000000', 'transactions_with_other_segments': '16170000000'}, {'segment': 'FrozenFood', 'period': 'Prior1YTDDuration', 'net_sales': '41334000000', 'operating_income': '291000000', 'revenues_from_external_customers': '38772000000', 'transactions_with_other_segments': '2562000000'}, {'segment': 'FrozenFood', 'period': 'CurrentYTDDuration', 'net_sales': '43163000000', 'operating_income': '351000000', 'revenues_from_external_customers': '40616000000', 'transactions_with_other_segments': '2546000000'}, {'segment': 'RoomTemperatureFood', 'period': 'CurrentYTDDuration', 'net_sales': '9676000000', 'operating_income': '325000000', 'revenues_from_external_customers': '9523000000', 'transactions_with_other_segments': '153000000'}, {'segment': 'RoomTemperatureFood', 'period': 'Prior1YTDDuration', 'net_sales': '9481000000', 'operating_income': '178000000', 'revenues_from_external_customers': '9369000000', 'transactions_with_other_segments': '111000000'}, {'segment': 'DistributionService', 'period': 'CurrentYTDDuration', 'net_sales': '1334000000', 'operating_income': '150000000', 'revenues_from_external_customers': '449000000', 'transactions_with_other_segments': '884000000'}, {'segment': 'DistributionService', 'period': 'Prior1YTDDuration', 'net_sales': '1376000000', 'operating_income': '136000000', 'revenues_from_external_customers': '515000000', 'transactions_with_other_segments': '860000000'}, {'segment': 'BonitoAndTuna', 'period': 'Prior1YTDDuration', 'net_sales': '15733000000', 'operating_income': '150000000', 'revenues_from_external_customers': '14127000000', 'transactions_with_other_segments': '1606000000'}, {'segment': 'BonitoAndTuna', 'period': 'CurrentYTDDuration', 'net_sales': '16138000000', 'operating_income': '172000000', 'revenues_from_external_customers': '13994000000', 'transactions_with_other_segments': '2143000000'}, {'segment': 'NotInclude', 'period': 'CurrentYTDDuration', 'net_sales': '837000000', 'operating_income': '-14000000', 'revenues_from_external_customers': '198000000', 'transactions_with_other_segments': '638000000'}, {'segment': 'NotInclude', 'period': 'Prior1YTDDuration', 'net_sales': '813000000', 'operating_income': '-71000000', 'revenues_from_external_customers': '195000000', 'transactions_with_other_segments': '617000000'}, {'segment': 'Reconcile', 'period': 'CurrentYTDDuration', 'net_sales': '-22537000000', 'operating_income': '-519000000', 'revenues_from_external_customers': None, 'transactions_with_other_segments': '-22537000000'}, {'segment': 'Reconcile', 'period': 'Prior1YTDDuration', 'net_sales': '-21473000000', 'operating_income': '-569000000', 'revenues_from_external_customers': None, 'transactions_with_other_segments': '-21473000000'}]}",,,2019.0,2.0,2019-11-06 10:43:00+00:00
9,株式会社　極洋,代表取締役社長　井　上　誠,東京都港区赤坂三丁目３番５号,2019-12-31T00:00:00.000Z,2020-02-10T09:43:00.000Z,2020-02-10T09:43:00.000Z,2020-02-07T11:30:00.000Z,【E00012】株式会社　極洋 四半期報告書－第97期第3四半期(令和1年10月1日－令和1年12月31日),【13010】株式会社　極洋 2020年3月期第3四半期決算短信〔日本基準〕（連結）,Japan GAAP,10819080.0,10928283.0,109203.0,131659000000.0,105279000000.0,5355000000.0,51958000000.0,51958000000.0,,,,45184000000.0,45184000000.0,,,,,-8000000.0,26380000000.0,15545000000.0,,,,,534000000.0,10000000.0,10300000000.0,7028000000.0,,-1793000000.0,,98254000000.0,68085000000.0,74806000000.0,14920000000.0,14920000000.0,,,,39494000000.0,10000000000.0,,,,,,,770000000.0,23448000000.0,,,,,18591000000.0,,,33405000000.0,32325000000.0,5664000000.0,1308000000.0,25597000000.0,-244000000.0,995000000.0,84000000.0,205436000000.0,186586000000.0,18850000000.0,9.175607001693958,16233000000.0,2616000000.0,1.2733892793862809,759000000.0,,4000000.0,122000000.0,114000000.0,396000000.0,339000000.0,,2979000000.0,14000000.0,,12000000.0,261000000.0,,0.0,15000000.0,2733000000.0,1134000000.0,41.49286498353458,1598000000.0,-140000000.0,1739000000.0,0.8464923382464611,,2733000000.0,,,,,,,,,,,,,,,,,,,,,,,,,,,,,0.0,280000000000.0,4000000000.0,4500000000.0,3000000000.0,,188.27848578622212,3079.8367328830177,4000000000.0,2616000000.0,6.113261906905556,6.068821689259646,1.9939312922018244,3.951231955823655,1.547178696481061,1.5600654793601958,2.2728477536688576,0.0,7.901730952705465,0.0,0.0,12.958715596330276,7.716814159292035,73.37,65.4,57.96666666666667,36.2954886193267,52.90519877675841,72.51293847038527,4.067325439202789,0.24478228242527209,72.24113302275263,69.21510529894155,22.855200315603046,82222000000.0,118.60103800609113,16.887680926342874,51.71313772700689,3.112231876549888,723.538788522848,62730000000.0,291.9967903949597,2.0433060232285944,140.73603721626608,30.795287187039765,33321000000.0,25.308562270714496,1986000000.0,,,,"{'segments': [{'name': 'MarineProductsTrading', 'type': 'Segment'}, {'name': 'FrozenFood', 'type': 'Segment'}, {'name': 'RoomTemperatureFood', 'type': 'Segment'}, {'name': 'DistributionService', 'type': 'Segment'}, {'name': 'BonitoAndTuna', 'type': 'Segment'}, {'name': 'Others', 'type': 'Others'}, {'name': 'Reconcile', 'type': 'Reconcile'}], 'periods': [{'name': 'Prior1YTDDuration', 'start_date': '2018-04-01', 'end_date': '2018-12-31'}, {'name': 'CurrentYTDDuration', 'start_date': '2019-04-01', 'end_date': '2019-12-31'}], 'values': [{'segment': 'MarineProductsTrading', 'period': 'Prior1YTDDuration', 'net_sales': '124420000000', 'operating_income': '2139000000', 'revenues_from_external_customers': '96875000000', 'transactions_with_other_segments': '27545000000'}, {'segment': 'MarineProductsTrading', 'period': 'CurrentYTDDuration', 'net_sales': '128827000000', 'operating_income': '1482000000', 'revenues_from_external_customers': '101661000000', 'transactions_with_other_segments': '27165000000'}, {'segment': 'FrozenFood', 'period': 'CurrentYTDDuration', 'net_sales': '69829000000', 'operating_income': '1004000000', 'revenues_from_external_customers': '65939000000', 'transactions_with_other_segments': '3890000000'}, {'segment': 'FrozenFood', 'period': 'Prior1YTDDuration', 'net_sales': '67436000000', 'operating_income': '833000000', 'revenues_from_external_customers': '63405000000', 'transactions_with_other_segments': '4030000000'}, {'segment': 'RoomTemperatureFood', 'period': 'CurrentYTDDuration', 'net_sales': '14721000000', 'operating_income': '533000000', 'revenues_from_external_customers': '14492000000', 'transactions_with_other_segments': '228000000'}, {'segment': 'RoomTemperatureFood', 'period': 'Prior1YTDDuration', 'net_sales': '14581000000', 'operating_income': '363000000', 'revenues_from_external_customers': '14395000000', 'transactions_with_other_segments': '186000000'}, {'segment': 'DistributionService', 'period': 'Prior1YTDDuration', 'net_sales': '2099000000', 'operating_income': '210000000', 'revenues_from_external_customers': '763000000', 'transactions_with_other_segments': '1335000000'}, {'segment': 'DistributionService', 'period': 'CurrentYTDDuration', 'net_sales': '2114000000', 'operating_income': '259000000', 'revenues_from_external_customers': '727000000', 'transactions_with_other_segments': '1387000000'}, {'segment': 'BonitoAndTuna', 'period': 'CurrentYTDDuration', 'net_sales': '25384000000', 'operating_income': '128000000', 'revenues_from_external_customers': '22307000000', 'transactions_with_other_segments': '3077000000'}, {'segment': 'BonitoAndTuna', 'period': 'Prior1YTDDuration', 'net_sales': '24761000000', 'operating_income': '603000000', 'revenues_from_external_customers': '22049000000', 'transactions_with_other_segments': '2711000000'}, {'segment': 'Others', 'period': 'Prior1YTDDuration', 'net_sales': '1221000000', 'operating_income': '-104000000', 'revenues_from_external_customers': '293000000', 'transactions_with_other_segments': '927000000'}, {'segment': 'Others', 'period': 'CurrentYTDDuration', 'net_sales': '1269000000', 'operating_income': '-16000000', 'revenues_from_external_customers': '308000000', 'transactions_with_other_segments': '961000000'}, {'segment': 'Reconcile', 'period': 'CurrentYTDDuration', 'net_sales': '-36711000000', 'operating_income': '-775000000', 'revenues_from_external_customers': None, 'transactions_with_other_segments': '-36711000000'}, {'segment': 'Reconcile', 'period': 'Prior1YTDDuration', 'net_sales': '-36737000000', 'operating_income': '-766000000', 'revenues_from_external_customers': None, 'transactions_with_other_segments': '-36737000000'}]}",,,2019.0,3.0,2020-02-10 09:43:00+00:00
10,株式会社極洋,代表取締役社長　　井　上　誠,東京都港区赤坂三丁目３番５号,2020-03-31T00:00:00.000Z,2020-06-24T13:13:00.000Z,2020-06-24T13:13:00.000Z,2020-05-12T11:30:00.000Z,有価証券報告書－第97期(平成31年4月1日－令和2年3月31日),2020年3月期　決算短信〔日本基準〕(連結),Japan GAAP,10740548.0,10928283.0,187735.0,111184000000.0,85251000000.0,6522000000.0,33444000000.0,33444000000.0,,,,41043000000.0,31409000000.0,3885000000.0,5749000000.0,,,-5000000.0,25932000000.0,15976000000.0,6513000000.0,3684000000.0,4041000000.0,373000000.0,541000000.0,9000000.0,9414000000.0,5693000000.0,,-1796000000.0,,78591000000.0,55172000000.0,54818000000.0,8061000000.0,8061000000.0,,,,25594000000.0,10000000000.0,164000000.0,,,,,,1032000000.0,23773000000.0,,,,,19124000000.0,290000000.0,,32593000000.0,32396000000.0,5664000000.0,1308000000.0,25895000000.0,-471000000.0,321000000.0,-125000000.0,262519000000.0,238274000000.0,24245000000.0,9.235522000312358,21326000000.0,2918000000.0,1.1115385933970494,1208000000.0,,8000000.0,123000000.0,202000000.0,518000000.0,446000000.0,,3608000000.0,68000000.0,,13000000.0,664000000.0,,25000000.0,292000000.0,3012000000.0,1336000000.0,44.355909694555116,1675000000.0,-361000000.0,2037000000.0,0.775943836446124,9410000000.0,3012000000.0,1904000000.0,,2071000000.0,4668000000.0,-1401000000.0,-2931000000.0,,,,,-2948000000.0,9000000.0,,,-199000000.0,50000000.0,,,-4817000000.0,-5682000000.0,6388000000.0,-4371000000.0,,,,,-760000000.0,29000000.0,12358000000.0,270000000000.0,4200000000.0,4500000000.0,3000000000.0,70.0,189.65512746649426,3046.2132844618354,6104000000.0,4822000000.0,6.225930680359435,6.137575702793094,2.3611221038998416,3.398251726878171,1.8320981436177868,1.7999772442826258,2.2979349593495937,3.584502455060395,8.123602482106056,7.853165601154877,0.13065720957340232,15.284441398217957,6.542600896860987,97.22925925925927,69.47619047619048,67.9,2.8496984980134865,43.93420150788212,47.27540500736378,5.865951935530292,0.29812699271290843,46.4997200202652,62.87171491644074,12.348241939951484,66426000000.0,97.02319299675446,16.432085628442664,49.622247805439635,2.5219660291255113,586.3124335812965,48650000000.0,237.69356399709653,1.6862888929641175,155.51643620708526,23.883161512027492,32718000000.0,29.426895956252697,-6777000000.0,2307.0,113792371.04464673,1264846.1205028174,"{'segments': [{'name': 'MarineProductsPurchasingBusiness', 'type': 'Segment'}, {'name': 'FrozenFoodsBusiness', 'type': 'Segment'}, {'name': 'ShelfStableFoodsBusiness', 'type': 'Segment'}, {'name': 'LogisticsBusiness', 'type': 'Segment'}, {'name': 'TunaBusiness', 'type': 'Segment'}, {'name': 'Others', 'type': 'Others'}, {'name': 'NotInclude', 'type': 'NotInclude'}, {'name': 'Reconcile', 'type': 'Reconcile'}, {'name': 'MarineProductsTrading', 'type': 'Segment'}, {'name': 'RoomTemperatureFood', 'type': 'Segment'}, {'name': 'BonitoAndTuna', 'type': 'Segment'}], 'periods': [{'name': 'CurrentYearInstant', 'instant': '2020-03-31'}, {'name': 'CurrentYearDuration', 'start_date': '2019-04-01', 'end_date': '2020-03-31'}, {'name': 'Prior1YearDuration', 'start_date': '2018-04-01', 'end_date': '2019-03-31'}, {'name': 'Prior1YearInstant', 'instant': '2019-03-31'}], 'values': [{'segment': 'MarineProductsPurchasingBusiness', 'period': 'CurrentYearDuration', 'net_sales': '161085000000', 'operating_income': '1750000000', 'revenues_from_external_customers': '127104000000', 'transactions_with_other_segments': '33981000000'}, {'segment': 'FrozenFoodsBusiness', 'period': 'CurrentYearDuration', 'net_sales': '90255000000', 'operating_income': '949000000', 'revenues_from_external_customers': '84946000000', 'transactions_with_other_segments': '5309000000'}, {'segment': 'ShelfStableFoodsBusiness', 'period': 'CurrentYearDuration', 'net_sales': '19665000000', 'operating_income': '705000000', 'revenues_from_external_customers': '19370000000', 'transactions_with_other_segments': '295000000'}, {'segment': 'LogisticsBusiness', 'period': 'CurrentYearDuration', 'net_sales': '2759000000', 'operating_income': '315000000', 'revenues_from_external_customers': '988000000', 'transactions_with_other_segments': '1771000000'}, {'segment': 'TunaBusiness', 'period': 'CurrentYearDuration', 'net_sales': '33663000000', 'operating_income': '213000000', 'revenues_from_external_customers': '29658000000', 'transactions_with_other_segments': '4005000000'}, {'segment': 'MarineProductsPurchasingBusiness', 'period': 'Prior1YearDuration', 'net_sales': '159253000000', 'operating_income': '2444000000', 'revenues_from_external_customers': '124952000000', 'transactions_with_other_segments': '34300000000'}, {'segment': 'FrozenFoodsBusiness', 'period': 'Prior1YearDuration', 'net_sales': '87545000000', 'operating_income': '932000000', 'revenues_from_external_customers': '82405000000', 'transactions_with_other_segments': '5139000000'}, {'segment': 'ShelfStableFoodsBusiness', 'period': 'Prior1YearDuration', 'net_sales': '19263000000', 'operating_income': '482000000', 'revenues_from_external_customers': '18976000000', 'transactions_with_other_segments': '287000000'}, {'segment': 'LogisticsBusiness', 'period': 'Prior1YearDuration', 'net_sales': '2727000000', 'operating_income': '265000000', 'revenues_from_external_customers': '994000000', 'transactions_with_other_segments': '1732000000'}, {'segment': 'TunaBusiness', 'period': 'Prior1YearDuration', 'net_sales': '32017000000', 'operating_income': '737000000', 'revenues_from_external_customers': '28442000000', 'transactions_with_other_segments': '3574000000'}, {'segment': 'NotInclude', 'period': 'Prior1YearDuration', 'net_sales': '1606000000', 'operating_income': '-148000000', 'revenues_from_external_customers': '378000000', 'transactions_with_other_segments': '1228000000'}, {'segment': 'NotInclude', 'period': 'CurrentYearDuration', 'net_sales': '1707000000', 'operating_income': '-48000000', 'revenues_from_external_customers': '452000000', 'transactions_with_other_segments': '1255000000'}, {'segment': 'Reconcile', 'period': 'Prior1YearDuration', 'net_sales': '-46262000000', 'operating_income': '-882000000', 'revenues_from_external_customers': None, 'transactions_with_other_segments': '-46262000000'}, {'segment': 'Reconcile', 'period': 'CurrentYearDuration', 'net_sales': '-46618000000', 'operating_income': '-966000000', 'revenues_from_external_customers': None, 'transactions_with_other_segments': '-46618000000'}]}",3160000000.0,343000000.0,2019.0,4.0,2020-06-24 13:13:00+00:00
