,company_name,ceo_name,headquarters_address,end_date,updated_date,edinet_updated_date,tdnet_updated_date,edinet_title,tdnet_title,accounting_standard,num_of_shares,issued_share_num,treasury_stock_num,assets,current_assets,cash_and_deposits,trade_receivables,notes_accounts_receivable,notes_receivable,accounts_receivable,current_securities,inventories,merchandise,work_in_process,raw_materials_and_supplies,prepaid_expenses,current_dta,current_allowance_doubtful_accounts,non_current_assets,tangible_fixed_assets,buildings,machineries,land,construction_in_progress,intangible_assets,good_will,investments_and_other_assets,investment_securities,non_current_dta,non_current_allowance_doubtful_accounts,lease_and_guarantee_deposits,liabilities,debt,current_liabilities,trade_payables,notes_accounts_payable,accounts_payable,notes_payable,short_term_bonds_payable,short_term_loans_payable,commercial_papers_liabilities,current_lease_obligations,current_portion_of_long_term_loans,current_portion_of_bonds,current_portion_of_convertible_bonds,current_portion_of_bonds_with_subscription_rights,advances_received,corporate_tax_payable,non_current_liabilities,bonds_payable,convertible_bonds,convertible_bond_type_bonds_with_subscription_rights,non_current_bonds_with_subscription_right,long_term_loans_payable,non_current_lease_obligations,non_current_dtl,net_assets,shareholders_equity,capital_stock,additional_capital_stock,retained_earnings,treasury_stock,valuation_and_translation_adjustments,non_controlling_interests,net_sales,cost_of_sales,gross_profit,gross_margin,sga,operating_income,operating_margin,non_operating_income,interest_and_dividends_income,interest_income,dividends_income,equity_method_income,non_operating_expenses,interest_expense,equity_method_loss,ordinary_income,extraordinary_income,gain_of_sales_non_current_assets,gain_of_sales_investment_securities,extraordinary_loss,loss_of_sales_non_current_assets,loss_of_valuation_investment_securities,impairment_loss,income_before_income_taxes,income_taxes,real_corporate_tax_rate,net_income,non_controling_interests,profit_loss_attributable_to_owners_of_parent,net_profit_margin,operating_cash_flow,income_before_taxes,depreciation,amortization,decrease_trade_receivables_op_cf,decrease_inventories_op_cf,increase_trade_payables_op_cf,investment_cash_flow,purchase_of_property,sale_of_property,purchase_of_intangible_assets,sale_of_intangible_assets,purchase_of_non_current_assets,sale_of_non_current_assets,purchase_of_securities,sale_of_securities,purchase_of_investment_securities,sale_of_investment_securities,lending,return_of_lending,financial_cash_flow,net_short_term_debt,long_term_debt_issuance,long_term_debt_repayment,bonds_issuance,bonds_repayment,share_repurchase,share_sales,dividend_payment,cash_translation_difference,free_cash_flow,ex_net_sales,ex_operating_income,ex_ordinary_income,ex_net_income,dividend,eps_actual,bps,ebitda_forecast,ebitda_actual,roe,real_roe,total_asset_turnover,financial_leverage,roa,roic,doe,net_sales_operating_cash_flow_ratio,sga_ratio,depreciation_gross_profit_ratio,r_and_d_ratio,interest_op_income_ratio,interest_coverage_ratio,net_sales_progress,operating_income_progress,net_income_progress,net_sales_growth_rate_forecast,operating_income_growth_rate_forecast,net_income_growth_rate_forecast,cash_assets_ratio,cash_monthly_sales_ratio,accounts_receivable_turnover,inventory_turnover,trade_payable_turnover,working_capital,ccc,tangible_fixed_assets_turnover,debt_assets_ratio,debt_monthly_sales_ratio,operating_cash_flow_debt_ratio,net_debt,adjusted_debt_ratio,de_ratio,current_ratio,net_debt_net_income_ratio,equity,equity_ratio,accrual,employee_num,net_sales_per_employee,operating_income_per_employee,segment_member,increase_in_properties,r_and_d_expenses,fiscal_year,fiscal_quarter,to_datetime
0,日本水産株式会社,代表取締役社長執行役員　　大　木　伸　介,東京都港区西新橋一丁目３番１号,2017-09-30T00:00:00.000Z,2017-11-13T13:32:00.000Z,2017-11-13T13:32:00.000Z,2017-11-02T13:00:00.000Z,【E00014】日本水産株式会社 四半期報告書－第103期第2四半期(平成29年7月1日－平成29年9月30日),【13320】日本水産株式会社 平成30年3月期　第2四半期決算短信〔日本基準〕（連結）,Japan GAAP,311480434.0,312430277.0,949843.0,487176000000.0,263413000000.0,28831000000.0,86355000000.0,86355000000.0,,,,122117000000.0,65006000000.0,26173000000.0,30938000000.0,,,-803000000.0,223763000000.0,129244000000.0,56201000000.0,,,,11659000000.0,735000000.0,82859000000.0,70337000000.0,,-5141000000.0,,337941000000.0,222298000000.0,248062000000.0,44022000000.0,44022000000.0,,,,156990000000.0,,,,,,,,4789000000.0,89879000000.0,,,,,65308000000.0,,,149235000000.0,116998000000.0,30685000000.0,21758000000.0,64823000000.0,-269000000.0,13275000000.0,18961000000.0,331117000000.0,259736000000.0,71381000000.0,21.55763672659513,58411000000.0,12969000000.0,3.9167424203529264,1413000000.0,,160000000.0,367000000.0,448000000.0,1124000000.0,1035000000.0,,13258000000.0,2126000000.0,287000000.0,1229000000.0,1056000000.0,,3000000.0,,14328000000.0,4673000000.0,32.6144611948632,9655000000.0,359000000.0,9296000000.0,2.807466847066143,3965000000.0,14328000000.0,8228000000.0,210000000.0,-9993000000.0,-11477000000.0,8378000000.0,-10913000000.0,-11642000000.0,517000000.0,-510000000.0,,,,,,-17000000.0,2786000000.0,,,12569000000.0,22264000000.0,2589000000.0,-9934000000.0,,,,,-1087000000.0,100000000.0,16117000000.0,656000000000.0,24000000000.0,26000000000.0,20000000000.0,,55.65036550578326,418.24135894198736,32438000000.0,21407000000.0,13.305801618127946,13.278383367932406,1.4019738246547448,3.7396257119609437,3.558057047145179,4.408177620457666,1.912771137755807,1.1974619243349027,17.64059229819067,11.526876900015411,0.0,7.98056904927134,12.530434782608696,50.47515243902439,54.0375,46.48,98.11728180673296,85.05667360629192,115.14629948364887,5.917984465573016,0.5065416510494752,46.14817835223013,82.19257564134716,29.62963031259681,164450000000.0,98.71112368098048,5.2846399059143945,45.62991608782042,3.905629216641679,779.8835251192816,193467000000.0,226.04144370719177,1.7063880743663355,106.18837226177327,11.161128418137764,130274000000.0,26.74064403829417,4261000000.0,,,,"{'segments': [{'name': 'MarineProducts', 'type': 'Segment'}, {'name': 'Grocery', 'type': 'Segment'}, {'name': 'Fine', 'type': 'Segment'}, {'name': 'Logistics', 'type': 'Segment'}, {'name': 'Total', 'type': 'Total'}, {'name': 'NotInclude', 'type': 'NotInclude'}, {'name': 'Reconcile', 'type': 'Reconcile'}], 'periods': [{'name': 'CurrentYTDDuration', 'start_date': '2017-04-01', 'end_date': '2017-09-30'}, {'name': 'Prior1YTDDuration', 'start_date': '2016-04-01', 'end_date': '2016-09-30'}], 'values': [{'segment': 'MarineProducts', 'period': 'CurrentYTDDuration', 'net_sales': '150243000000', 'operating_income': '5937000000', 'revenues_from_external_customers': '137448000000', 'transactions_with_other_segments': '12794000000'}, {'segment': 'MarineProducts', 'period': 'Prior1YTDDuration', 'net_sales': '126756000000', 'operating_income': '2091000000', 'revenues_from_external_customers': '121011000000', 'transactions_with_other_segments': '5744000000'}, {'segment': 'Grocery', 'period': 'Prior1YTDDuration', 'net_sales': '151578000000', 'operating_income': '6193000000', 'revenues_from_external_customers': '150216000000', 'transactions_with_other_segments': '1361000000'}, {'segment': 'Grocery', 'period': 'CurrentYTDDuration', 'net_sales': '165063000000', 'operating_income': '6238000000', 'revenues_from_external_customers': '163322000000', 'transactions_with_other_segments': '1740000000'}, {'segment': 'Fine', 'period': 'CurrentYTDDuration', 'net_sales': '13029000000', 'operating_income': '814000000', 'revenues_from_external_customers': '12705000000', 'transactions_with_other_segments': '323000000'}, {'segment': 'Fine', 'period': 'Prior1YTDDuration', 'net_sales': '12651000000', 'operating_income': '1752000000', 'revenues_from_external_customers': '12459000000', 'transactions_with_other_segments': '192000000'}, {'segment': 'Logistics', 'period': 'CurrentYTDDuration', 'net_sales': '12355000000', 'operating_income': '990000000', 'revenues_from_external_customers': '8208000000', 'transactions_with_other_segments': '4146000000'}, {'segment': 'Logistics', 'period': 'Prior1YTDDuration', 'net_sales': '11767000000', 'operating_income': '766000000', 'revenues_from_external_customers': '7885000000', 'transactions_with_other_segments': '3882000000'}, {'segment': 'Total', 'period': 'CurrentYTDDuration', 'net_sales': '340690000000', 'operating_income': '13981000000', 'revenues_from_external_customers': '321685000000', 'transactions_with_other_segments': '19005000000'}, {'segment': 'Total', 'period': 'Prior1YTDDuration', 'net_sales': '302754000000', 'operating_income': '10804000000', 'revenues_from_external_customers': '291572000000', 'transactions_with_other_segments': '11181000000'}, {'segment': 'NotInclude', 'period': 'Prior1YTDDuration', 'net_sales': '13024000000', 'operating_income': '400000000', 'revenues_from_external_customers': '12187000000', 'transactions_with_other_segments': '836000000'}, {'segment': 'NotInclude', 'period': 'CurrentYTDDuration', 'net_sales': '12169000000', 'operating_income': '578000000', 'revenues_from_external_customers': '11140000000', 'transactions_with_other_segments': '1029000000'}, {'segment': 'Reconcile', 'period': 'Prior1YTDDuration', 'net_sales': '-12018000000', 'operating_income': '-1392000000', 'revenues_from_external_customers': None, 'transactions_with_other_segments': '-12018000000'}, {'segment': 'Reconcile', 'period': 'CurrentYTDDuration', 'net_sales': '-20034000000', 'operating_income': '-1535000000', 'revenues_from_external_customers': None, 'transactions_with_other_segments': '-20034000000'}]}",,,2017.0,2.0,2017-11-13 13:32:00+00:00
1,日本水産株式会社,代表取締役社長執行役員　　大　木　伸　介,東京都港区西新橋一丁目３番１号,2017-12-31T00:00:00.000Z,2018-02-13T09:39:00.000Z,2018-02-13T09:39:00.000Z,2018-02-05T13:00:00.000Z,【E00014】日本水産株式会社 四半期報告書－第103期第3四半期(平成29年10月1日－平成29年12月31日),【13320】日本水産株式会社 平成30年3月期　第3四半期決算短信〔日本基準〕（連結）,Japan GAAP,311478181.0,312430277.0,952096.0,500171000000.0,269669000000.0,27167000000.0,95797000000.0,95797000000.0,,,,120229000000.0,61878000000.0,25694000000.0,32657000000.0,,,-758000000.0,230502000000.0,132001000000.0,56758000000.0,,,,11682000000.0,629000000.0,86818000000.0,73944000000.0,,-5160000000.0,,341290000000.0,221162000000.0,251446000000.0,44629000000.0,44629000000.0,,,,156737000000.0,,,,,,,,5229000000.0,89844000000.0,,,,,64425000000.0,,,158881000000.0,122930000000.0,30685000000.0,21758000000.0,70757000000.0,-270000000.0,16839000000.0,19110000000.0,512089000000.0,403117000000.0,108972000000.0,21.27989470580309,88570000000.0,20401000000.0,3.9838778024913637,2330000000.0,,261000000.0,405000000.0,902000000.0,1590000000.0,1531000000.0,,21141000000.0,5098000000.0,294000000.0,4194000000.0,1393000000.0,,3000000.0,253000000.0,24846000000.0,7817000000.0,31.46180471705707,17029000000.0,654000000.0,16374000000.0,3.1974910611241407,,24846000000.0,,,,,,,,,,,,,,,,,,,,,,,,,,,,,0.0,677000000000.0,24000000000.0,26000000000.0,20000000000.0,,55.65076803886947,448.7344813407652,24000000000.0,20401000000.0,12.401714232566126,12.37780364321877,1.365548982248071,3.5785034091478205,3.4656147597521647,4.306062343980739,1.7827914574554091,0.0,17.295821624756634,0.0,0.0,7.5045340914661045,13.32527759634226,75.64091580502216,85.00416666666666,81.87,32.20358179925755,17.64129209352483,22.144863808476845,5.4315424124949265,0.47730626874062965,51.19399040714018,80.92183051322525,30.038180255801258,171397000000.0,102.07764066456417,5.174263831334611,44.217277691029665,3.885670446026986,775.8981195621667,193995000000.0,214.4441442403755,1.5823167896058552,107.24728172251696,11.19158878504673,139771000000.0,27.944642932117215,12669000000.0,,,,"{'segments': [{'name': 'MarineProducts', 'type': 'Segment'}, {'name': 'Grocery', 'type': 'Segment'}, {'name': 'Fine', 'type': 'Segment'}, {'name': 'Logistics', 'type': 'Segment'}, {'name': 'Total', 'type': 'Total'}, {'name': 'NotInclude', 'type': 'NotInclude'}, {'name': 'Reconcile', 'type': 'Reconcile'}], 'periods': [{'name': 'CurrentYTDDuration', 'start_date': '2017-04-01', 'end_date': '2017-12-31'}, {'name': 'Prior1YTDDuration', 'start_date': '2016-04-01', 'end_date': '2016-12-31'}], 'values': [{'segment': 'MarineProducts', 'period': 'CurrentYTDDuration', 'net_sales': '235710000000', 'operating_income': '10549000000', 'revenues_from_external_customers': '219373000000', 'transactions_with_other_segments': '16337000000'}, {'segment': 'MarineProducts', 'period': 'Prior1YTDDuration', 'net_sales': '204705000000', 'operating_income': '6754000000', 'revenues_from_external_customers': '195279000000', 'transactions_with_other_segments': '9426000000'}, {'segment': 'Grocery', 'period': 'Prior1YTDDuration', 'net_sales': '227832000000', 'operating_income': '9398000000', 'revenues_from_external_customers': '225771000000', 'transactions_with_other_segments': '2061000000'}, {'segment': 'Grocery', 'period': 'CurrentYTDDuration', 'net_sales': '250921000000', 'operating_income': '8703000000', 'revenues_from_external_customers': '248064000000', 'transactions_with_other_segments': '2856000000'}, {'segment': 'Fine', 'period': 'CurrentYTDDuration', 'net_sales': '19363000000', 'operating_income': '1016000000', 'revenues_from_external_customers': '18962000000', 'transactions_with_other_segments': '400000000'}, {'segment': 'Fine', 'period': 'Prior1YTDDuration', 'net_sales': '19146000000', 'operating_income': '2836000000', 'revenues_from_external_customers': '18786000000', 'transactions_with_other_segments': '359000000'}, {'segment': 'Logistics', 'period': 'Prior1YTDDuration', 'net_sales': '18222000000', 'operating_income': '1485000000', 'revenues_from_external_customers': '12194000000', 'transactions_with_other_segments': '6028000000'}, {'segment': 'Logistics', 'period': 'CurrentYTDDuration', 'net_sales': '18878000000', 'operating_income': '1667000000', 'revenues_from_external_customers': '12558000000', 'transactions_with_other_segments': '6319000000'}, {'segment': 'Total', 'period': 'Prior1YTDDuration', 'net_sales': '469907000000', 'operating_income': '20475000000', 'revenues_from_external_customers': '452032000000', 'transactions_with_other_segments': '17875000000'}, {'segment': 'Total', 'period': 'CurrentYTDDuration', 'net_sales': '524873000000', 'operating_income': '21936000000', 'revenues_from_external_customers': '498958000000', 'transactions_with_other_segments': '25914000000'}, {'segment': 'NotInclude', 'period': 'Prior1YTDDuration', 'net_sales': '18150000000', 'operating_income': '357000000', 'revenues_from_external_customers': '16789000000', 'transactions_with_other_segments': '1361000000'}, {'segment': 'NotInclude', 'period': 'CurrentYTDDuration', 'net_sales': '19040000000', 'operating_income': '907000000', 'revenues_from_external_customers': '17362000000', 'transactions_with_other_segments': '1678000000'}, {'segment': 'Reconcile', 'period': 'Prior1YTDDuration', 'net_sales': '-19236000000', 'operating_income': '-2118000000', 'revenues_from_external_customers': None, 'transactions_with_other_segments': '-19236000000'}, {'segment': 'Reconcile', 'period': 'CurrentYTDDuration', 'net_sales': '-27592000000', 'operating_income': '-2252000000', 'revenues_from_external_customers': None, 'transactions_with_other_segments': '-27592000000'}]}",,,2017.0,3.0,2018-02-13 09:39:00+00:00
2,日本水産株式会社,代表取締役社長執行役員　　的　埜　明　世,東京都港区西新橋一丁目３番１号,2018-03-31T00:00:00.000Z,2018-06-27T15:38:00.000Z,2018-06-27T15:38:00.000Z,2018-05-14T13:00:00.000Z,【E00014】日本水産株式会社 有価証券報告書－第103期(平成29年4月1日－平成30年3月31日),【13320】日本水産株式会社 平成30年３月期 決算短信〔日本基準〕(連結),Japan GAAP,311481482.0,312430277.0,948795.0,482233000000.0,253155000000.0,22669000000.0,84681000000.0,84681000000.0,,,,122274000000.0,64570000000.0,24940000000.0,32764000000.0,,3983000000.0,-645000000.0,229078000000.0,132782000000.0,143762000000.0,140409000000.0,27248000000.0,6607000000.0,11540000000.0,535000000.0,84755000000.0,70994000000.0,3567000000.0,-5014000000.0,,325127000000.0,206918000000.0,212869000000.0,44656000000.0,44656000000.0,,,,115058000000.0,,509000000.0,,,,,,4720000000.0,112257000000.0,,,,,88807000000.0,2544000000.0,3012000000.0,157106000000.0,123305000000.0,30685000000.0,21758000000.0,71130000000.0,-269000000.0,14409000000.0,19392000000.0,677293000000.0,537301000000.0,139991000000.0,20.669193391929344,116750000000.0,23240000000.0,3.431306687061582,3606000000.0,,355000000.0,760000000.0,1325000000.0,2263000000.0,2000000000.0,,24583000000.0,5329000000.0,323000000.0,4396000000.0,3793000000.0,,5000000.0,2147000000.0,26120000000.0,7886000000.0,30.191424196018378,18233000000.0,999000000.0,17234000000.0,2.5445412842004864,28325000000.0,26120000000.0,17599000000.0,415000000.0,-7584000000.0,-10533000000.0,8448000000.0,-21540000000.0,-26777000000.0,785000000.0,-1038000000.0,,,,,,-182000000.0,6662000000.0,,,-8156000000.0,-1181000000.0,34989000000.0,-37918000000.0,,,,,-2331000000.0,508000000.0,56140000000.0,698000000000.0,22000000000.0,23500000000.0,16000000000.0,8.0,55.6501782664563,442.12580187993325,40014000000.0,41254000000.0,12.586955574596628,12.562417109354051,1.4093623483869904,3.501699173649738,3.5768083165848847,4.509737923350124,1.8094397490451226,4.182089583090331,17.23773905828054,12.571522455014966,0.716971827554692,8.605851979345955,11.62,97.03338108882521,105.63636363636364,107.7125,3.0573178816258206,-5.335628227194489,-7.160264593245913,4.700839635611831,0.39827937593703144,45.25359146598576,82.29824671397171,30.056352988036053,162299000000.0,97.4954851919214,5.143829735958187,42.9083036623375,3.6354127623688153,725.9261857984844,184249000000.0,206.59380460683082,1.5025197147711924,118.92525449924602,10.629341179185415,137714000000.0,28.557564496830366,-12627000000.0,9003.0,75229701.21070755,2581361.7682994558,"{'segments': [{'name': 'MarineProducts', 'type': 'Segment'}, {'name': 'Grocery', 'type': 'Segment'}, {'name': 'Fine', 'type': 'Segment'}, {'name': 'Logistics', 'type': 'Segment'}, {'name': 'Total', 'type': 'Total'}, {'name': 'NotInclude', 'type': 'NotInclude'}, {'name': 'Reconcile', 'type': 'Reconcile'}], 'periods': [{'name': 'Prior1YearDuration', 'start_date': '2016-04-01', 'end_date': '2017-03-31'}, {'name': 'CurrentYearDuration', 'start_date': '2017-04-01', 'end_date': '2018-03-31'}, {'name': 'Prior1YearInstant', 'instant': '2017-03-31'}, {'name': 'CurrentYearInstant', 'instant': '2018-03-31'}], 'values': [{'segment': 'MarineProducts', 'period': 'Prior1YearDuration', 'net_sales': '278110000000', 'operating_income': '7949000000', 'revenues_from_external_customers': '265869000000', 'transactions_with_other_segments': '12241000000'}, {'segment': 'MarineProducts', 'period': 'CurrentYearDuration', 'net_sales': '306006000000', 'operating_income': '10289000000', 'revenues_from_external_customers': '286991000000', 'transactions_with_other_segments': '19014000000'}, {'segment': 'Grocery', 'period': 'CurrentYearDuration', 'net_sales': '331652000000', 'operating_income': '10735000000', 'revenues_from_external_customers': '327704000000', 'transactions_with_other_segments': '3947000000'}, {'segment': 'Grocery', 'period': 'Prior1YearDuration', 'net_sales': '307679000000', 'operating_income': '11112000000', 'revenues_from_external_customers': '304487000000', 'transactions_with_other_segments': '3191000000'}, {'segment': 'Fine', 'period': 'CurrentYearDuration', 'net_sales': '26366000000', 'operating_income': '2086000000', 'revenues_from_external_customers': '25866000000', 'transactions_with_other_segments': '500000000'}, {'segment': 'Fine', 'period': 'Prior1YearDuration', 'net_sales': '26209000000', 'operating_income': '3976000000', 'revenues_from_external_customers': '25796000000', 'transactions_with_other_segments': '412000000'}, {'segment': 'Logistics', 'period': 'Prior1YearDuration', 'net_sales': '23834000000', 'operating_income': '1799000000', 'revenues_from_external_customers': '15982000000', 'transactions_with_other_segments': '7852000000'}, {'segment': 'Logistics', 'period': 'CurrentYearDuration', 'net_sales': '24646000000', 'operating_income': '1931000000', 'revenues_from_external_customers': '16361000000', 'transactions_with_other_segments': '8285000000'}, {'segment': 'Total', 'period': 'CurrentYearDuration', 'net_sales': '688672000000', 'operating_income': '25042000000', 'revenues_from_external_customers': '656923000000', 'transactions_with_other_segments': '31748000000'}, {'segment': 'Total', 'period': 'Prior1YearDuration', 'net_sales': '635833000000', 'operating_income': '24837000000', 'revenues_from_external_customers': '612135000000', 'transactions_with_other_segments': '23697000000'}, {'segment': 'NotInclude', 'period': 'Prior1YearDuration', 'net_sales': '25649000000', 'operating_income': '635000000', 'revenues_from_external_customers': '23817000000', 'transactions_with_other_segments': '1831000000'}, {'segment': 'NotInclude', 'period': 'CurrentYearDuration', 'net_sales': '28053000000', 'operating_income': '1263000000', 'revenues_from_external_customers': '26084000000', 'transactions_with_other_segments': '1968000000'}, {'segment': 'Reconcile', 'period': 'Prior1YearDuration', 'net_sales': '-25529000000', 'operating_income': '-2826000000', 'revenues_from_external_customers': None, 'transactions_with_other_segments': '-25529000000'}, {'segment': 'Reconcile', 'period': 'CurrentYearDuration', 'net_sales': '-33717000000', 'operating_income': '-2817000000', 'revenues_from_external_customers': None, 'transactions_with_other_segments': '-33717000000'}]}",29045000000.0,4856000000.0,2017.0,4.0,2018-06-27 15:38:00+00:00
3,日本水産株式会社,代表取締役社長執行役員　　的　埜　明　世,東京都港区西新橋一丁目３番１号,2018-06-30T00:00:00.000Z,2018-08-13T09:36:00.000Z,2018-08-13T09:36:00.000Z,2018-08-03T13:00:00.000Z,【E00014】日本水産株式会社 四半期報告書－第104期第1四半期(平成30年4月1日－平成30年6月30日),【13320】日本水産株式会社 平成31年3月期第1四半期決算短信〔日本基準〕（連結）,Japan GAAP,311480843.0,312430277.0,949434.0,480636000000.0,254330000000.0,18875000000.0,89534000000.0,89534000000.0,,,,122161000000.0,63067000000.0,25270000000.0,33824000000.0,,,-544000000.0,226306000000.0,129785000000.0,54351000000.0,,,,10803000000.0,445000000.0,85716000000.0,72528000000.0,,-4821000000.0,,321246000000.0,204999000000.0,214680000000.0,47505000000.0,47505000000.0,,,,122526000000.0,,,,,,,,3367000000.0,106566000000.0,,,,,82473000000.0,,,159389000000.0,127285000000.0,30685000000.0,21758000000.0,75110000000.0,-269000000.0,12928000000.0,19175000000.0,174700000000.0,137842000000.0,36858000000.0,21.097882083571836,29377000000.0,7481000000.0,4.282198053806526,1228000000.0,,73000000.0,114000000.0,646000000.0,489000000.0,467000000.0,,8219000000.0,403000000.0,385000000.0,,219000000.0,,1000000.0,137000000.0,8402000000.0,2968000000.0,35.32492263746727,5434000000.0,199000000.0,5234000000.0,2.9959931310818546,,8402000000.0,,,,,,,,,,,,,,,,,,,,,,,,,,,,,0.0,698000000000.0,22000000000.0,23500000000.0,16000000000.0,,49.373822967340566,450.1528846831842,22000000000.0,7481000000.0,10.968234270472278,10.947232049429468,1.4816014613969823,3.4278745346399075,3.19971870604782,3.883399524351632,1.7771739940376852,0.0,16.81568402976531,0.0,0.0,6.242480951744419,16.019271948608136,25.02865329512894,34.00454545454546,32.7125,299.54207212364054,194.07833177382702,205.6935422239205,3.927088274702686,0.3180683910233096,45.89159555181706,77.76409393339554,30.24028357909607,164190000000.0,93.41540590611653,5.486851331047502,42.651611614610644,3.454500773053639,830.1907423156359,186124000000.0,201.20883388242368,1.4620437331507552,118.46934972983045,12.102477404252552,140214000000.0,29.1725963098894,5050000000.0,,,,"{'segments': [{'name': 'MarineProducts', 'type': 'Segment'}, {'name': 'Grocery', 'type': 'Segment'}, {'name': 'Fine', 'type': 'Segment'}, {'name': 'Logistics', 'type': 'Segment'}, {'name': 'Total', 'type': 'Total'}, {'name': 'NotInclude', 'type': 'NotInclude'}, {'name': 'Reconcile', 'type': 'Reconcile'}], 'periods': [{'name': 'CurrentYTDDuration', 'start_date': '2018-04-01', 'end_date': '2018-06-30'}, {'name': 'Prior1YTDDuration', 'start_date': '2017-04-01', 'end_date': '2017-06-30'}], 'values': [{'segment': 'MarineProducts', 'period': 'CurrentYTDDuration', 'net_sales': '75977000000', 'operating_income': '3490000000', 'revenues_from_external_customers': '69870000000', 'transactions_with_other_segments': '6106000000'}, {'segment': 'MarineProducts', 'period': 'Prior1YTDDuration', 'net_sales': '69836000000', 'operating_income': '3487000000', 'revenues_from_external_customers': '66543000000', 'transactions_with_other_segments': '3293000000'}, {'segment': 'Grocery', 'period': 'Prior1YTDDuration', 'net_sales': '81867000000', 'operating_income': '3937000000', 'revenues_from_external_customers': '81113000000', 'transactions_with_other_segments': '754000000'}, {'segment': 'Grocery', 'period': 'CurrentYTDDuration', 'net_sales': '87651000000', 'operating_income': '4064000000', 'revenues_from_external_customers': '86816000000', 'transactions_with_other_segments': '835000000'}, {'segment': 'Fine', 'period': 'Prior1YTDDuration', 'net_sales': '6114000000', 'operating_income': '270000000', 'revenues_from_external_customers': '5992000000', 'transactions_with_other_segments': '122000000'}, {'segment': 'Fine', 'period': 'CurrentYTDDuration', 'net_sales': '6340000000', 'operating_income': '614000000', 'revenues_from_external_customers': '6169000000', 'transactions_with_other_segments': '171000000'}, {'segment': 'Logistics', 'period': 'CurrentYTDDuration', 'net_sales': '6215000000', 'operating_income': '421000000', 'revenues_from_external_customers': '4114000000', 'transactions_with_other_segments': '2100000000'}, {'segment': 'Logistics', 'period': 'Prior1YTDDuration', 'net_sales': '5984000000', 'operating_income': '474000000', 'revenues_from_external_customers': '4009000000', 'transactions_with_other_segments': '1974000000'}, {'segment': 'Total', 'period': 'Prior1YTDDuration', 'net_sales': '163803000000', 'operating_income': '8170000000', 'revenues_from_external_customers': '157658000000', 'transactions_with_other_segments': '6144000000'}, {'segment': 'Total', 'period': 'CurrentYTDDuration', 'net_sales': '176185000000', 'operating_income': '8590000000', 'revenues_from_external_customers': '166971000000', 'transactions_with_other_segments': '9214000000'}, {'segment': 'NotInclude', 'period': 'CurrentYTDDuration', 'net_sales': '8493000000', 'operating_income': '347000000', 'revenues_from_external_customers': '7729000000', 'transactions_with_other_segments': '764000000'}, {'segment': 'NotInclude', 'period': 'Prior1YTDDuration', 'net_sales': '5721000000', 'operating_income': '187000000', 'revenues_from_external_customers': '5260000000', 'transactions_with_other_segments': '461000000'}, {'segment': 'Reconcile', 'period': 'CurrentYTDDuration', 'net_sales': '-9978000000', 'operating_income': '-1456000000', 'revenues_from_external_customers': None, 'transactions_with_other_segments': '-9978000000'}, {'segment': 'Reconcile', 'period': 'Prior1YTDDuration', 'net_sales': '-6606000000', 'operating_income': '-1616000000', 'revenues_from_external_customers': None, 'transactions_with_other_segments': '-6606000000'}]}",,,2018.0,1.0,2018-08-13 09:36:00+00:00
4,日本水産株式会社,代表取締役社長執行役員　　的　埜　明　世,東京都港区西新橋一丁目３番１号,2018-09-30T00:00:00.000Z,2018-11-13T09:01:00.000Z,2018-11-13T09:01:00.000Z,2018-11-05T13:00:00.000Z,【E00014】日本水産株式会社 四半期報告書－第104期第2四半期(平成30年7月1日－平成30年9月30日),【13320】日本水産株式会社 平成31年3月期第2四半期決算短信〔日本基準〕（連結）,Japan GAAP,311148625.0,312430277.0,1281652.0,492820000000.0,259381000000.0,14815000000.0,90515000000.0,90515000000.0,,,,129318000000.0,69646000000.0,27343000000.0,32329000000.0,,,-486000000.0,233439000000.0,131457000000.0,54238000000.0,,,,10820000000.0,419000000.0,91161000000.0,77798000000.0,,-4940000000.0,,328551000000.0,204793000000.0,218310000000.0,51607000000.0,51607000000.0,,,,119998000000.0,,,,,,,,3684000000.0,110241000000.0,,,,,84795000000.0,,,164269000000.0,128770000000.0,30685000000.0,21758000000.0,76795000000.0,-470000000.0,16167000000.0,19330000000.0,350483000000.0,280916000000.0,69566000000.0,19.848608919690825,59006000000.0,10560000000.0,3.0129849379285156,2349000000.0,,123000000.0,413000000.0,782000000.0,957000000.0,904000000.0,,11952000000.0,416000000.0,391000000.0,7000000.0,297000000.0,,,137000000.0,12071000000.0,4803000000.0,39.78957832822467,7268000000.0,348000000.0,6919000000.0,1.9741328395385795,4217000000.0,12071000000.0,8696000000.0,175000000.0,-6787000000.0,-8551000000.0,7542000000.0,-4761000000.0,-8736000000.0,1346000000.0,-400000000.0,,,,,,-2526000000.0,12000000.0,,,-113000000.0,5972000000.0,5932000000.0,-9980000000.0,,,,,-1245000000.0,-156000000.0,13353000000.0,706500000000.0,22000000000.0,23500000000.0,16000000000.0,,49.426540130138775,465.819188498744,30871000000.0,19431000000.0,10.61067069594795,10.576374227179885,1.4449717949758532,3.400189045046537,3.1206119881498315,3.8332208662633103,1.717404563299043,1.2031967313678553,16.83562398176231,12.500359370957076,0.0,8.56060606060606,11.68141592920354,49.608351026185424,48.0,43.24375,101.57896388697884,108.33333333333334,131.24729007081947,3.006168580820584,0.24965209075551423,46.39441744334802,82.3200292996852,32.85149594077278,168226000000.0,95.86295080226044,5.417064135040356,41.55533460492675,3.451029404123795,829.3564977928968,189978000000.0,199.4372917159871,1.412959934869152,118.81315560441574,12.353078873788933,144939000000.0,29.410129459031698,2583000000.0,,,,"{'segments': [{'name': 'MarineProducts', 'type': 'Segment'}, {'name': 'Grocery', 'type': 'Segment'}, {'name': 'Fine', 'type': 'Segment'}, {'name': 'Logistics', 'type': 'Segment'}, {'name': 'Total', 'type': 'Total'}, {'name': 'NotInclude', 'type': 'NotInclude'}, {'name': 'Reconcile', 'type': 'Reconcile'}], 'periods': [{'name': 'CurrentYTDDuration', 'start_date': '2018-04-01', 'end_date': '2018-09-30'}, {'name': 'Prior1YTDDuration', 'start_date': '2017-04-01', 'end_date': '2017-09-30'}], 'values': [{'segment': 'MarineProducts', 'period': 'CurrentYTDDuration', 'net_sales': '147436000000', 'operating_income': '3765000000', 'revenues_from_external_customers': '139774000000', 'transactions_with_other_segments': '7661000000'}, {'segment': 'MarineProducts', 'period': 'Prior1YTDDuration', 'net_sales': '149208000000', 'operating_income': '6440000000', 'revenues_from_external_customers': '136424000000', 'transactions_with_other_segments': '12783000000'}, {'segment': 'Grocery', 'period': 'CurrentYTDDuration', 'net_sales': '174727000000', 'operating_income': '7246000000', 'revenues_from_external_customers': '172988000000', 'transactions_with_other_segments': '1739000000'}, {'segment': 'Grocery', 'period': 'Prior1YTDDuration', 'net_sales': '164409000000', 'operating_income': '7297000000', 'revenues_from_external_customers': '162670000000', 'transactions_with_other_segments': '1739000000'}, {'segment': 'Fine', 'period': 'CurrentYTDDuration', 'net_sales': '13096000000', 'operating_income': '1165000000', 'revenues_from_external_customers': '12853000000', 'transactions_with_other_segments': '242000000'}, {'segment': 'Fine', 'period': 'Prior1YTDDuration', 'net_sales': '13029000000', 'operating_income': '968000000', 'revenues_from_external_customers': '12705000000', 'transactions_with_other_segments': '323000000'}, {'segment': 'Logistics', 'period': 'CurrentYTDDuration', 'net_sales': '12792000000', 'operating_income': '925000000', 'revenues_from_external_customers': '8365000000', 'transactions_with_other_segments': '4426000000'}, {'segment': 'Logistics', 'period': 'Prior1YTDDuration', 'net_sales': '12355000000', 'operating_income': '990000000', 'revenues_from_external_customers': '8208000000', 'transactions_with_other_segments': '4146000000'}, {'segment': 'Total', 'period': 'Prior1YTDDuration', 'net_sales': '339002000000', 'operating_income': '15698000000', 'revenues_from_external_customers': '320009000000', 'transactions_with_other_segments': '18993000000'}, {'segment': 'Total', 'period': 'CurrentYTDDuration', 'net_sales': '348053000000', 'operating_income': '13103000000', 'revenues_from_external_customers': '333982000000', 'transactions_with_other_segments': '14070000000'}, {'segment': 'NotInclude', 'period': 'Prior1YTDDuration', 'net_sales': '12137000000', 'operating_income': '591000000', 'revenues_from_external_customers': '11108000000', 'transactions_with_other_segments': '1029000000'}, {'segment': 'NotInclude', 'period': 'CurrentYTDDuration', 'net_sales': '17594000000', 'operating_income': '616000000', 'revenues_from_external_customers': '16500000000', 'transactions_with_other_segments': '1093000000'}, {'segment': 'Reconcile', 'period': 'Prior1YTDDuration', 'net_sales': '-20022000000', 'operating_income': '-3320000000', 'revenues_from_external_customers': None, 'transactions_with_other_segments': '-20022000000'}, {'segment': 'Reconcile', 'period': 'CurrentYTDDuration', 'net_sales': '-15164000000', 'operating_income': '-3158000000', 'revenues_from_external_customers': None, 'transactions_with_other_segments': '-15164000000'}]}",,,2018.0,2.0,2018-11-13 09:01:00+00:00
5,日本水産株式会社,代表取締役社長執行役員　　的　埜　明　世,東京都港区西新橋一丁目３番１号,2018-12-31T00:00:00.000Z,2019-02-13T12:34:00.000Z,2019-02-13T12:34:00.000Z,2019-02-05T13:00:00.000Z,【E00014】日本水産株式会社 四半期報告書－第104期第3四半期(平成30年10月1日－平成30年12月31日),【13320】日本水産株式会社 平成31年3月期第3四半期決算短信〔日本基準〕（連結）,Japan GAAP,311147134.0,312430277.0,1283143.0,504652000000.0,271289000000.0,14000000000.0,106747000000.0,106747000000.0,,,,129853000000.0,67736000000.0,28678000000.0,33439000000.0,,,-387000000.0,233363000000.0,134787000000.0,54569000000.0,,,,10838000000.0,379000000.0,87736000000.0,73987000000.0,,-5033000000.0,,335137000000.0,214533000000.0,224092000000.0,52330000000.0,52330000000.0,,,,127500000000.0,,,,,,,,2573000000.0,111044000000.0,,,,,87033000000.0,,,169515000000.0,135883000000.0,30685000000.0,21758000000.0,83910000000.0,-471000000.0,14020000000.0,19611000000.0,543261000000.0,433811000000.0,109449000000.0,20.146669832732332,89549000000.0,19899000000.0,3.6628802730179415,4331000000.0,,149000000.0,422000000.0,2424000000.0,1418000000.0,1337000000.0,,22812000000.0,555000000.0,526000000.0,11000000.0,365000000.0,,2000000.0,137000000.0,23002000000.0,7073000000.0,30.74950004347448,15928000000.0,655000000.0,15273000000.0,2.81135586762164,,23002000000.0,,,,,,,,,,,,,,,,,,,,,,,,,,,,,0.0,706500000000.0,22000000000.0,23500000000.0,16000000000.0,,49.426776979408075,481.77850161396634,22000000000.0,19899000000.0,10.259232575514996,10.227098919368245,1.4110931889698248,3.366501227452236,3.047446557231518,3.6785507508842405,1.6605141103639662,0.0,16.483605486129136,0.0,0.0,6.7189305995276145,14.883320867614062,76.89469214437368,90.45,95.45625,30.04798798367636,10.558319513543402,4.760034047011064,2.774188946045988,0.23591827678550112,54.71430015826184,82.66059453944557,33.31173644235549,184270000000.0,104.06315825535194,5.283232062439256,42.511076940148854,3.6151611195445654,868.8008747418296,200533000000.0,197.15564811219747,1.4311359269932757,121.06143905181801,13.039404382599649,149904000000.0,29.704429983434128,15083000000.0,,,,"{'segments': [{'name': 'MarineProducts', 'type': 'Segment'}, {'name': 'Grocery', 'type': 'Segment'}, {'name': 'Fine', 'type': 'Segment'}, {'name': 'Logistics', 'type': 'Segment'}, {'name': 'Total', 'type': 'Total'}, {'name': 'NotInclude', 'type': 'NotInclude'}, {'name': 'Reconcile', 'type': 'Reconcile'}], 'periods': [{'name': 'Prior1YTDDuration', 'start_date': '2017-04-01', 'end_date': '2017-12-31'}, {'name': 'CurrentYTDDuration', 'start_date': '2018-04-01', 'end_date': '2018-12-31'}], 'values': [{'segment': 'MarineProducts', 'period': 'Prior1YTDDuration', 'net_sales': '233344000000', 'operating_income': '11090000000', 'revenues_from_external_customers': '217043000000', 'transactions_with_other_segments': '16301000000'}, {'segment': 'MarineProducts', 'period': 'CurrentYTDDuration', 'net_sales': '234900000000', 'operating_income': '9763000000', 'revenues_from_external_customers': '223343000000', 'transactions_with_other_segments': '11556000000'}, {'segment': 'Grocery', 'period': 'CurrentYTDDuration', 'net_sales': '264293000000', 'operating_income': '10341000000', 'revenues_from_external_customers': '261642000000', 'transactions_with_other_segments': '2651000000'}, {'segment': 'Grocery', 'period': 'Prior1YTDDuration', 'net_sales': '250492000000', 'operating_income': '10295000000', 'revenues_from_external_customers': '246232000000', 'transactions_with_other_segments': '4260000000'}, {'segment': 'Fine', 'period': 'CurrentYTDDuration', 'net_sales': '20015000000', 'operating_income': '1964000000', 'revenues_from_external_customers': '19598000000', 'transactions_with_other_segments': '417000000'}, {'segment': 'Fine', 'period': 'Prior1YTDDuration', 'net_sales': '19362000000', 'operating_income': '1357000000', 'revenues_from_external_customers': '18961000000', 'transactions_with_other_segments': '400000000'}, {'segment': 'Logistics', 'period': 'CurrentYTDDuration', 'net_sales': '19831000000', 'operating_income': '1655000000', 'revenues_from_external_customers': '12817000000', 'transactions_with_other_segments': '7013000000'}, {'segment': 'Logistics', 'period': 'Prior1YTDDuration', 'net_sales': '18878000000', 'operating_income': '1667000000', 'revenues_from_external_customers': '12558000000', 'transactions_with_other_segments': '6319000000'}, {'segment': 'Total', 'period': 'Prior1YTDDuration', 'net_sales': '522078000000', 'operating_income': '24410000000', 'revenues_from_external_customers': '494795000000', 'transactions_with_other_segments': '27282000000'}, {'segment': 'Total', 'period': 'CurrentYTDDuration', 'net_sales': '539041000000', 'operating_income': '23724000000', 'revenues_from_external_customers': '517402000000', 'transactions_with_other_segments': '21639000000'}, {'segment': 'NotInclude', 'period': 'CurrentYTDDuration', 'net_sales': '27467000000', 'operating_income': '869000000', 'revenues_from_external_customers': '25858000000', 'transactions_with_other_segments': '1608000000'}, {'segment': 'NotInclude', 'period': 'Prior1YTDDuration', 'net_sales': '18972000000', 'operating_income': '924000000', 'revenues_from_external_customers': '17293000000', 'transactions_with_other_segments': '1678000000'}, {'segment': 'Reconcile', 'period': 'Prior1YTDDuration', 'net_sales': '-28960000000', 'operating_income': '-4932000000', 'revenues_from_external_customers': None, 'transactions_with_other_segments': '-28960000000'}, {'segment': 'Reconcile', 'period': 'CurrentYTDDuration', 'net_sales': '-23247000000', 'operating_income': '-4694000000', 'revenues_from_external_customers': None, 'transactions_with_other_segments': '-23247000000'}]}",,,2018.0,3.0,2019-02-13 12:34:00+00:00
6,日本水産株式会社,代表取締役社長執行役員　　的　埜　明　世,東京都港区西新橋一丁目３番１号,2019-03-31T00:00:00.000Z,2019-06-26T15:05:00.000Z,2019-06-26T15:05:00.000Z,2019-05-14T13:00:00.000Z,【E00014】日本水産株式会社 有価証券報告書－第104期(平成30年4月1日－平成31年3月31日),【13320】日本水産株式会社 2019年３月期 決算短信〔日本基準〕(連結) ,Japan GAAP,311146208.0,312430277.0,1284069.0,477913000000.0,247603000000.0,8904000000.0,88753000000.0,88753000000.0,,,500000000.0,128750000000.0,65619000000.0,29397000000.0,33734000000.0,,,-384000000.0,230309000000.0,137525000000.0,146232000000.0,148078000000.0,26273000000.0,9243000000.0,10704000000.0,276000000.0,82080000000.0,69024000000.0,3043000000.0,-4942000000.0,,311754000000.0,193692000000.0,202699000000.0,49424000000.0,49424000000.0,,,,104078000000.0,,515000000.0,,,,,,3735000000.0,109054000000.0,,,,,86979000000.0,2120000000.0,4186000000.0,166158000000.0,135960000000.0,30685000000.0,21757000000.0,83988000000.0,-471000000.0,10365000000.0,19832000000.0,712111000000.0,573385000000.0,138725000000.0,19.48081127801705,117039000000.0,21685000000.0,3.0451713286271382,5559000000.0,,215000000.0,801000000.0,2751000000.0,1887000000.0,1744000000.0,,25358000000.0,1144000000.0,553000000.0,573000000.0,1898000000.0,,1000000.0,1477000000.0,24605000000.0,8279000000.0,33.647632595001014,16325000000.0,946000000.0,15379000000.0,2.159635225407275,24693000000.0,24605000000.0,18272000000.0,259000000.0,-5136000000.0,-8086000000.0,5426000000.0,-16803000000.0,-21917000000.0,1672000000.0,-1080000000.0,,,,,,-2553000000.0,1667000000.0,,,-15956000000.0,-11918000000.0,15633000000.0,-15447000000.0,,,,,-2490000000.0,-86000000.0,47690000000.0,710000000000.0,24000000000.0,26500000000.0,17500000000.0,8.0,49.42692407808486,470.2805184114601,42531000000.0,40216000000.0,10.510093899922092,10.476372132945496,1.4900431668525442,3.2660839495373346,3.217949710512164,3.9427324435765168,1.70111235460547,3.46757738610975,16.435499521844207,13.171382231032618,0.6470901306116603,8.04242563984321,12.434059633027523,100.29732394366197,90.35416666666667,87.88,-0.2964425489846434,10.67558219967719,13.791533909877106,1.8631006061772748,0.1500440240355787,45.49128576865124,81.95845723205176,31.461862448442147,168079000000.0,95.98788055226085,5.1780476277040535,40.528715477503226,3.2639630619383775,784.4004373709148,184788000000.0,187.09468339844804,1.3237018711643864,122.1530446622825,12.015605696079069,146326000000.0,30.61770657002425,-8560000000.0,9065.0,78556094.87038058,2392167.6778819636,"{'segments': [{'name': 'MarineProducts', 'type': 'Segment'}, {'name': 'Grocery', 'type': 'Segment'}, {'name': 'Fine', 'type': 'Segment'}, {'name': 'Logistics', 'type': 'Segment'}, {'name': 'NotInclude', 'type': 'NotInclude'}, {'name': 'Total', 'type': 'Total'}, {'name': 'Reconcile', 'type': 'Reconcile'}], 'periods': [{'name': 'CurrentYearInstant', 'instant': '2019-03-31'}, {'name': 'Prior1YearDuration', 'start_date': '2017-04-01', 'end_date': '2018-03-31'}, {'name': 'CurrentYearDuration', 'start_date': '2018-04-01', 'end_date': '2019-03-31'}, {'name': 'Prior1YearInstant', 'instant': '2018-03-31'}], 'values': [{'segment': 'MarineProducts', 'period': 'Prior1YearDuration', 'net_sales': '302817000000', 'operating_income': '11025000000', 'revenues_from_external_customers': '283859000000', 'transactions_with_other_segments': '18958000000'}, {'segment': 'MarineProducts', 'period': 'CurrentYearDuration', 'net_sales': '303355000000', 'operating_income': '10292000000', 'revenues_from_external_customers': '289991000000', 'transactions_with_other_segments': '13364000000'}, {'segment': 'Grocery', 'period': 'Prior1YearDuration', 'net_sales': '329183000000', 'operating_income': '12917000000', 'revenues_from_external_customers': '325261000000', 'transactions_with_other_segments': '3921000000'}, {'segment': 'Grocery', 'period': 'CurrentYearDuration', 'net_sales': '345845000000', 'operating_income': '11906000000', 'revenues_from_external_customers': '342328000000', 'transactions_with_other_segments': '3516000000'}, {'segment': 'Fine', 'period': 'Prior1YearDuration', 'net_sales': '26365000000', 'operating_income': '2544000000', 'revenues_from_external_customers': '25864000000', 'transactions_with_other_segments': '500000000'}, {'segment': 'Fine', 'period': 'CurrentYearDuration', 'net_sales': '27021000000', 'operating_income': '2612000000', 'revenues_from_external_customers': '26513000000', 'transactions_with_other_segments': '507000000'}, {'segment': 'Logistics', 'period': 'Prior1YearDuration', 'net_sales': '24646000000', 'operating_income': '1931000000', 'revenues_from_external_customers': '16361000000', 'transactions_with_other_segments': '8285000000'}, {'segment': 'Logistics', 'period': 'CurrentYearDuration', 'net_sales': '25818000000', 'operating_income': '1990000000', 'revenues_from_external_customers': '16663000000', 'transactions_with_other_segments': '9155000000'}, {'segment': 'NotInclude', 'period': 'Prior1YearDuration', 'net_sales': '27915000000', 'operating_income': '1287000000', 'revenues_from_external_customers': '25946000000', 'transactions_with_other_segments': '1968000000'}, {'segment': 'NotInclude', 'period': 'CurrentYearDuration', 'net_sales': '39033000000', 'operating_income': '1156000000', 'revenues_from_external_customers': '36614000000', 'transactions_with_other_segments': '2419000000'}, {'segment': 'Total', 'period': 'CurrentYearDuration', 'net_sales': '702040000000', 'operating_income': '26802000000', 'revenues_from_external_customers': '675497000000', 'transactions_with_other_segments': '26543000000'}, {'segment': 'Total', 'period': 'Prior1YearDuration', 'net_sales': '683012000000', 'operating_income': '28418000000', 'revenues_from_external_customers': '651346000000', 'transactions_with_other_segments': '31665000000'}, {'segment': 'Reconcile', 'period': 'CurrentYearDuration', 'net_sales': '-28963000000', 'operating_income': '-6272000000', 'revenues_from_external_customers': None, 'transactions_with_other_segments': '-28963000000'}, {'segment': 'Reconcile', 'period': 'Prior1YearDuration', 'net_sales': '-33634000000', 'operating_income': '-6465000000', 'revenues_from_external_customers': None, 'transactions_with_other_segments': '-33634000000'}]}",26530000000.0,4608000000.0,2018.0,4.0,2019-06-26 15:05:00+00:00
7,日本水産株式会社,代表取締役社長執行役員　　的　埜　明　世,東京都港区西新橋一丁目３番１号,2019-06-30T00:00:00.000Z,2019-08-13T09:34:00.000Z,2019-08-13T09:34:00.000Z,2019-08-05T13:00:00.000Z,【E00014】日本水産株式会社 四半期報告書－第105期第1四半期(平成31年4月1日－令和1年6月30日),【13320】日本水産株式会社 2020年3月期第1四半期決算短信〔日本基準〕（連結） ,Japan GAAP,311145377.0,312430277.0,1284900.0,490967000000.0,254413000000.0,8026000000.0,94619000000.0,94619000000.0,,,,133470000000.0,68150000000.0,30769000000.0,34551000000.0,,,-333000000.0,236554000000.0,140093000000.0,57589000000.0,,,,11140000000.0,853000000.0,85319000000.0,69755000000.0,,-4917000000.0,,322682000000.0,203910000000.0,213905000000.0,48034000000.0,48034000000.0,,,,118788000000.0,,,,,,,,2254000000.0,108776000000.0,,,,,85122000000.0,,,168285000000.0,138284000000.0,30685000000.0,21759000000.0,86311000000.0,-472000000.0,10451000000.0,19549000000.0,174143000000.0,140281000000.0,33861000000.0,19.444364688790248,28157000000.0,5704000000.0,3.275469011100073,918000000.0,,65000000.0,95000000.0,544000000.0,555000000.0,401000000.0,,6067000000.0,61000000.0,39000000.0,,203000000.0,,128000000.0,,5924000000.0,2272000000.0,38.35246455097907,3652000000.0,33000000.0,3619000000.0,2.078177130289475,,5924000000.0,,,,,,,,,,,,,,,,,,,,,,,,,,,,,0.0,710000000000.0,24000000000.0,26500000000.0,17500000000.0,,47.46334379893422,478.0273498969583,24000000000.0,5704000000.0,9.929001721170396,9.897592622379497,1.4054223603623055,3.300929163080895,3.007941470608004,4.3839998185148845,1.7781409372983004,0.0,16.168895677690173,0.0,0.0,7.03015427769986,14.224438902743142,24.52718309859155,23.766666666666666,20.68,307.71090425684633,320.7573632538569,383.55899419729207,1.6347330879672157,0.13957937207253165,50.050919109122106,87.58535322481472,31.520752654534732,180055000000.0,106.1155196794021,4.925413832240012,41.532322946348735,3.546178639335899,1085.435962951134,195884000000.0,191.21103124611128,1.3709525602409638,118.9373787428999,13.264084507042254,148736000000.0,30.294500445040097,3761000000.0,,,,"{'segments': [{'name': 'MarineProducts', 'type': 'Segment'}, {'name': 'Grocery', 'type': 'Segment'}, {'name': 'Fine', 'type': 'Segment'}, {'name': 'Logistics', 'type': 'Segment'}, {'name': 'Total', 'type': 'Total'}, {'name': 'NotInclude', 'type': 'NotInclude'}, {'name': 'Reconcile', 'type': 'Reconcile'}], 'periods': [{'name': 'CurrentYTDDuration', 'start_date': '2019-04-01', 'end_date': '2019-06-30'}, {'name': 'Prior1YTDDuration', 'start_date': '2018-04-01', 'end_date': '2018-06-30'}], 'values': [{'segment': 'MarineProducts', 'period': 'CurrentYTDDuration', 'net_sales': '75025000000', 'operating_income': '3037000000', 'revenues_from_external_customers': '70199000000', 'transactions_with_other_segments': '4825000000'}, {'segment': 'MarineProducts', 'period': 'Prior1YTDDuration', 'net_sales': '77207000000', 'operating_income': '3487000000', 'revenues_from_external_customers': '71100000000', 'transactions_with_other_segments': '6106000000'}, {'segment': 'Grocery', 'period': 'CurrentYTDDuration', 'net_sales': '88878000000', 'operating_income': '3333000000', 'revenues_from_external_customers': '88008000000', 'transactions_with_other_segments': '870000000'}, {'segment': 'Grocery', 'period': 'Prior1YTDDuration', 'net_sales': '86422000000', 'operating_income': '4067000000', 'revenues_from_external_customers': '85586000000', 'transactions_with_other_segments': '835000000'}, {'segment': 'Fine', 'period': 'Prior1YTDDuration', 'net_sales': '6340000000', 'operating_income': '614000000', 'revenues_from_external_customers': '6169000000', 'transactions_with_other_segments': '171000000'}, {'segment': 'Fine', 'period': 'CurrentYTDDuration', 'net_sales': '6691000000', 'operating_income': '542000000', 'revenues_from_external_customers': '6614000000', 'transactions_with_other_segments': '77000000'}, {'segment': 'Logistics', 'period': 'Prior1YTDDuration', 'net_sales': '6215000000', 'operating_income': '421000000', 'revenues_from_external_customers': '4114000000', 'transactions_with_other_segments': '2100000000'}, {'segment': 'Logistics', 'period': 'CurrentYTDDuration', 'net_sales': '6494000000', 'operating_income': '246000000', 'revenues_from_external_customers': '4158000000', 'transactions_with_other_segments': '2335000000'}, {'segment': 'Total', 'period': 'CurrentYTDDuration', 'net_sales': '177090000000', 'operating_income': '7160000000', 'revenues_from_external_customers': '168980000000', 'transactions_with_other_segments': '8109000000'}, {'segment': 'Total', 'period': 'Prior1YTDDuration', 'net_sales': '176185000000', 'operating_income': '8590000000', 'revenues_from_external_customers': '166971000000', 'transactions_with_other_segments': '9214000000'}, {'segment': 'NotInclude', 'period': 'Prior1YTDDuration', 'net_sales': '8493000000', 'operating_income': '347000000', 'revenues_from_external_customers': '7729000000', 'transactions_with_other_segments': '764000000'}, {'segment': 'NotInclude', 'period': 'CurrentYTDDuration', 'net_sales': '5659000000', 'operating_income': '103000000', 'revenues_from_external_customers': '5162000000', 'transactions_with_other_segments': '496000000'}, {'segment': 'Reconcile', 'period': 'CurrentYTDDuration', 'net_sales': '-8606000000', 'operating_income': '-1559000000', 'revenues_from_external_customers': None, 'transactions_with_other_segments': '-8606000000'}, {'segment': 'Reconcile', 'period': 'Prior1YTDDuration', 'net_sales': '-9978000000', 'operating_income': '-1456000000', 'revenues_from_external_customers': None, 'transactions_with_other_segments': '-9978000000'}]}",,,2019.0,1.0,2019-08-13 09:34:00+00:00
8,日本水産株式会社,代表取締役社長執行役員　　的　埜　明　世,東京都港区西新橋一丁目３番１号,2019-09-30T00:00:00.000Z,2019-11-14T10:15:00.000Z,2019-11-14T10:15:00.000Z,2019-11-05T13:00:00.000Z,【E00014】日本水産株式会社 四半期報告書－第105期第2四半期(令和1年7月1日－令和1年9月30日),【13320】日本水産株式会社 2020年３月期　第２四半期決算短信〔日本基準〕（連結）,Japan GAAP,311144040.0,312430277.0,1286237.0,490907000000.0,253963000000.0,9547000000.0,84814000000.0,84814000000.0,,,,141749000000.0,73688000000.0,31090000000.0,36971000000.0,,,-277000000.0,236944000000.0,142558000000.0,57067000000.0,,,,10804000000.0,785000000.0,83581000000.0,68511000000.0,,-4803000000.0,,321612000000.0,213714000000.0,220720000000.0,43474000000.0,43474000000.0,,,,134936000000.0,,,,,,,,3710000000.0,100892000000.0,,,,,78778000000.0,,,169294000000.0,142505000000.0,30685000000.0,21749000000.0,90544000000.0,-473000000.0,7402000000.0,19386000000.0,345402000000.0,278893000000.0,66508000000.0,19.255244613522795,55431000000.0,11077000000.0,3.2069877997232212,2039000000.0,,126000000.0,369000000.0,948000000.0,978000000.0,791000000.0,,12138000000.0,230000000.0,193000000.0,15000000.0,468000000.0,,128000000.0,,11900000000.0,3837000000.0,32.2436974789916,8063000000.0,233000000.0,7829000000.0,2.266634240681872,-6703000000.0,11900000000.0,9212000000.0,148000000.0,3620000000.0,-13899000000.0,-5960000000.0,-13665000000.0,-13391000000.0,324000000.0,-345000000.0,,,,,,-373000000.0,43000000.0,,,20746000000.0,29693000000.0,3375000000.0,-10059000000.0,,,,,-1245000000.0,-27000000.0,7033000000.0,700000000000.0,24000000000.0,26500000000.0,17500000000.0,,47.46354775106732,481.79614817625946,33360000000.0,20437000000.0,9.851375510312991,9.820389543891848,1.4055941349379821,3.274721829388692,3.0083091094647254,4.251667940883665,1.7642316220615313,-1.9406372864083012,16.048256813799572,13.85096529740783,0.0,7.140922632481719,14.003792667509481,49.34314285714286,46.15416666666667,44.73714285714286,102.66240496580794,116.66516204748577,123.52790905607355,1.9447675425284219,0.16603093261605528,44.864336479154105,93.01817812440446,28.52840073496363,183089000000.0,109.35411386859492,4.840247478219392,43.53451875813545,3.7166790335296573,1137.6237623762377,204167000000.0,189.44317800279205,1.4256343890919765,115.06116346502355,13.824959371614302,149908000000.0,30.53694487958004,14770000000.0,,,,"{'segments': [{'name': 'MarineProducts', 'type': 'Segment'}, {'name': 'Grocery', 'type': 'Segment'}, {'name': 'Fine', 'type': 'Segment'}, {'name': 'Logistics', 'type': 'Segment'}, {'name': 'Total', 'type': 'Total'}, {'name': 'NotInclude', 'type': 'NotInclude'}, {'name': 'Reconcile', 'type': 'Reconcile'}], 'periods': [{'name': 'CurrentYTDDuration', 'start_date': '2019-04-01', 'end_date': '2019-09-30'}, {'name': 'Prior1YTDDuration', 'start_date': '2018-04-01', 'end_date': '2018-09-30'}], 'values': [{'segment': 'MarineProducts', 'period': 'CurrentYTDDuration', 'net_sales': '148666000000', 'operating_income': '5407000000', 'revenues_from_external_customers': '141372000000', 'transactions_with_other_segments': '7294000000'}, {'segment': 'MarineProducts', 'period': 'Prior1YTDDuration', 'net_sales': '149782000000', 'operating_income': '3781000000', 'revenues_from_external_customers': '142120000000', 'transactions_with_other_segments': '7661000000'}, {'segment': 'Grocery', 'period': 'CurrentYTDDuration', 'net_sales': '174699000000', 'operating_income': '6875000000', 'revenues_from_external_customers': '172893000000', 'transactions_with_other_segments': '1805000000'}, {'segment': 'Grocery', 'period': 'Prior1YTDDuration', 'net_sales': '172382000000', 'operating_income': '7230000000', 'revenues_from_external_customers': '170642000000', 'transactions_with_other_segments': '1739000000'}, {'segment': 'Fine', 'period': 'Prior1YTDDuration', 'net_sales': '13096000000', 'operating_income': '1165000000', 'revenues_from_external_customers': '12853000000', 'transactions_with_other_segments': '242000000'}, {'segment': 'Fine', 'period': 'CurrentYTDDuration', 'net_sales': '13853000000', 'operating_income': '1187000000', 'revenues_from_external_customers': '13706000000', 'transactions_with_other_segments': '147000000'}, {'segment': 'Logistics', 'period': 'CurrentYTDDuration', 'net_sales': '13286000000', 'operating_income': '806000000', 'revenues_from_external_customers': '8394000000', 'transactions_with_other_segments': '4892000000'}, {'segment': 'Logistics', 'period': 'Prior1YTDDuration', 'net_sales': '12792000000', 'operating_income': '925000000', 'revenues_from_external_customers': '8365000000', 'transactions_with_other_segments': '4426000000'}, {'segment': 'Total', 'period': 'Prior1YTDDuration', 'net_sales': '348053000000', 'operating_income': '13103000000', 'revenues_from_external_customers': '333982000000', 'transactions_with_other_segments': '14070000000'}, {'segment': 'Total', 'period': 'CurrentYTDDuration', 'net_sales': '350507000000', 'operating_income': '14277000000', 'revenues_from_external_customers': '336367000000', 'transactions_with_other_segments': '14139000000'}, {'segment': 'NotInclude', 'period': 'CurrentYTDDuration', 'net_sales': '10001000000', 'operating_income': '96000000', 'revenues_from_external_customers': '9034000000', 'transactions_with_other_segments': '966000000'}, {'segment': 'NotInclude', 'period': 'Prior1YTDDuration', 'net_sales': '17594000000', 'operating_income': '616000000', 'revenues_from_external_customers': '16500000000', 'transactions_with_other_segments': '1093000000'}, {'segment': 'Reconcile', 'period': 'Prior1YTDDuration', 'net_sales': '-15164000000', 'operating_income': '-3158000000', 'revenues_from_external_customers': None, 'transactions_with_other_segments': '-15164000000'}, {'segment': 'Reconcile', 'period': 'CurrentYTDDuration', 'net_sales': '-15106000000', 'operating_income': '-3296000000', 'revenues_from_external_customers': None, 'transactions_with_other_segments': '-15106000000'}]}",,,2019.0,2.0,2019-11-14 10:15:00+00:00
9,日本水産株式会社,代表取締役社長執行役員　　的　埜　明　世,東京都港区西新橋一丁目３番１号,2019-12-31T00:00:00.000Z,2020-02-13T11:44:00.000Z,2020-02-13T11:44:00.000Z,2020-02-05T13:00:00.000Z,【E00014】日本水産株式会社 四半期報告書－第105期第3四半期(令和1年10月1日－令和1年12月31日),【13320】日本水産株式会社 2020年３月期　第３四半期決算短信〔日本基準〕（連結）,Japan GAAP,311142888.0,312430277.0,1287389.0,500636000000.0,261311000000.0,7641000000.0,99619000000.0,99619000000.0,,,,138193000000.0,71204000000.0,31264000000.0,35725000000.0,,,-309000000.0,239324000000.0,144141000000.0,56612000000.0,,,,10561000000.0,706000000.0,84620000000.0,69379000000.0,,-4759000000.0,,326711000000.0,216484000000.0,214931000000.0,42361000000.0,42361000000.0,,,,127994000000.0,,,,,,,,2904000000.0,111780000000.0,,,,,88490000000.0,,,173924000000.0,148096000000.0,30685000000.0,21625000000.0,96259000000.0,-474000000.0,6632000000.0,19195000000.0,526828000000.0,424081000000.0,102747000000.0,19.502949729323422,83679000000.0,19068000000.0,3.619397602253487,4033000000.0,,184000000.0,444000000.0,2597000000.0,1487000000.0,1214000000.0,,21613000000.0,267000000.0,192000000.0,53000000.0,535000000.0,,128000000.0,,21345000000.0,6111000000.0,28.629655657062543,15234000000.0,442000000.0,14791000000.0,2.8075576848610933,,21345000000.0,,,,,,,,,,,,,,,,,,,,,,,,,,,,,0.0,700000000000.0,24000000000.0,26500000000.0,17500000000.0,,47.463723483854785,497.29242083784993,24000000000.0,19068000000.0,9.54442929250496,9.51527998814456,1.3782788293290933,3.2355667004892426,2.9498477936065326,4.164724834528964,1.709255891267959,0.0,15.883552127069937,0.0,0.0,6.366687644220684,15.70675453047776,75.26114285714286,79.45,84.52,32.870690244254284,25.865324103209563,18.31519167061051,1.5262585990619932,0.13288387515651812,52.695785315123125,90.68466860115997,27.79803062827884,195451000000.0,115.58242328800426,4.787090418409751,43.24179643493476,3.7648518295227933,1152.3687852656233,208843000000.0,187.33643734446497,1.3991171661420936,121.57901838264374,14.141589924160346,154729000000.0,30.90648694860138,15059000000.0,,,,"{'segments': [{'name': 'MarineProducts', 'type': 'Segment'}, {'name': 'Grocery', 'type': 'Segment'}, {'name': 'Fine', 'type': 'Segment'}, {'name': 'Logistics', 'type': 'Segment'}, {'name': 'Total', 'type': 'Total'}, {'name': 'NotInclude', 'type': 'NotInclude'}, {'name': 'Reconcile', 'type': 'Reconcile'}], 'periods': [{'name': 'CurrentYTDDuration', 'start_date': '2019-04-01', 'end_date': '2019-12-31'}, {'name': 'Prior1YTDDuration', 'start_date': '2018-04-01', 'end_date': '2018-12-31'}], 'values': [{'segment': 'MarineProducts', 'period': 'CurrentYTDDuration', 'net_sales': '236471000000', 'operating_income': '10465000000', 'revenues_from_external_customers': '224582000000', 'transactions_with_other_segments': '11888000000'}, {'segment': 'MarineProducts', 'period': 'Prior1YTDDuration', 'net_sales': '238255000000', 'operating_income': '9765000000', 'revenues_from_external_customers': '226698000000', 'transactions_with_other_segments': '11556000000'}, {'segment': 'Grocery', 'period': 'Prior1YTDDuration', 'net_sales': '260938000000', 'operating_income': '10339000000', 'revenues_from_external_customers': '258287000000', 'transactions_with_other_segments': '2651000000'}, {'segment': 'Grocery', 'period': 'CurrentYTDDuration', 'net_sales': '258649000000', 'operating_income': '9835000000', 'revenues_from_external_customers': '256022000000', 'transactions_with_other_segments': '2626000000'}, {'segment': 'Fine', 'period': 'CurrentYTDDuration', 'net_sales': '20419000000', 'operating_income': '1964000000', 'revenues_from_external_customers': '20195000000', 'transactions_with_other_segments': '223000000'}, {'segment': 'Fine', 'period': 'Prior1YTDDuration', 'net_sales': '20015000000', 'operating_income': '1964000000', 'revenues_from_external_customers': '19598000000', 'transactions_with_other_segments': '417000000'}, {'segment': 'Logistics', 'period': 'CurrentYTDDuration', 'net_sales': '20279000000', 'operating_income': '1584000000', 'revenues_from_external_customers': '12769000000', 'transactions_with_other_segments': '7509000000'}, {'segment': 'Logistics', 'period': 'Prior1YTDDuration', 'net_sales': '19831000000', 'operating_income': '1655000000', 'revenues_from_external_customers': '12817000000', 'transactions_with_other_segments': '7013000000'}, {'segment': 'Total', 'period': 'Prior1YTDDuration', 'net_sales': '539041000000', 'operating_income': '23724000000', 'revenues_from_external_customers': '517402000000', 'transactions_with_other_segments': '21639000000'}, {'segment': 'Total', 'period': 'CurrentYTDDuration', 'net_sales': '535818000000', 'operating_income': '23849000000', 'revenues_from_external_customers': '513570000000', 'transactions_with_other_segments': '22248000000'}, {'segment': 'NotInclude', 'period': 'CurrentYTDDuration', 'net_sales': '14709000000', 'operating_income': '102000000', 'revenues_from_external_customers': '13258000000', 'transactions_with_other_segments': '1451000000'}, {'segment': 'NotInclude', 'period': 'Prior1YTDDuration', 'net_sales': '27467000000', 'operating_income': '869000000', 'revenues_from_external_customers': '25858000000', 'transactions_with_other_segments': '1608000000'}, {'segment': 'Reconcile', 'period': 'CurrentYTDDuration', 'net_sales': '-23699000000', 'operating_income': '-4883000000', 'revenues_from_external_customers': None, 'transactions_with_other_segments': '-23699000000'}, {'segment': 'Reconcile', 'period': 'Prior1YTDDuration', 'net_sales': '-23247000000', 'operating_income': '-4694000000', 'revenues_from_external_customers': None, 'transactions_with_other_segments': '-23247000000'}]}",,,2019.0,3.0,2020-02-13 11:44:00+00:00
10,日本水産株式会社,代表取締役社長執行役員　　的　埜　明　世,東京都港区西新橋一丁目３番１号,2020-03-31T00:00:00.000Z,2020-06-25T13:12:00.000Z,2020-06-25T13:12:00.000Z,2020-05-20T13:00:00.000Z,有価証券報告書－第105期(平成31年4月1日－令和2年3月31日),2020年３月期 決算短信〔日本基準〕(連結) ,Japan GAAP,311141214.0,312430277.0,1289063.0,491533000000.0,253115000000.0,27371000000.0,79962000000.0,79962000000.0,,,431000000.0,131052000000.0,68300000000.0,28740000000.0,34012000000.0,,,-303000000.0,238417000000.0,148042000000.0,154455000000.0,156319000000.0,27852000000.0,8631000000.0,10360000000.0,669000000.0,80015000000.0,65258000000.0,,-4810000000.0,,319233000000.0,225058000000.0,196895000000.0,35476000000.0,35476000000.0,,,,120877000000.0,,738000000.0,,,,,,2119000000.0,122337000000.0,,,,,100361000000.0,3082000000.0,,172300000000.0,148069000000.0,30685000000.0,21621000000.0,96237000000.0,-474000000.0,5082000000.0,19148000000.0,690016000000.0,556218000000.0,133797000000.0,19.390419932291426,110962000000.0,22834000000.0,3.309198627278208,5161000000.0,,235000000.0,800000000.0,2820000000.0,2188000000.0,1636000000.0,,25807000000.0,281000000.0,206000000.0,53000000.0,3426000000.0,,1836000000.0,258000000.0,22662000000.0,7374000000.0,32.539052157797194,15287000000.0,518000000.0,14768000000.0,2.1402402263135927,18786000000.0,22662000000.0,19450000000.0,263000000.0,8741000000.0,-2621000000.0,-14197000000.0,-29446000000.0,-27948000000.0,358000000.0,-643000000.0,,,,,,-1040000000.0,102000000.0,,,25942000000.0,18782000000.0,28747000000.0,-17284000000.0,,,,,-2490000000.0,200000000.0,47377000000.0,670000000000.0,19000000000.0,21500000000.0,15000000000.0,8.5,47.46397884788095,492.22665821442735,38713000000.0,42547000000.0,9.642707898035937,9.612956140236678,1.4038040172277344,3.2094455181780193,3.004477827531417,4.087676158747786,1.7268467398401588,2.722545564160831,16.081076380837544,14.536947764150169,0.6525935630478135,7.164754313742665,13.95721271393643,102.98746268656717,120.17894736842105,98.45333333333333,-2.9008023002365158,-16.790750635017957,1.5709642470205898,5.568496926961161,0.4760063534758614,42.29775831285072,85.99861924641058,23.27997296024221,175538000000.0,105.01640459901911,4.660947568933141,45.78695631829399,3.913961415387469,1198.009155754285,197687000000.0,184.76912035375693,1.469507417467614,128.55328982452576,13.386172806067172,153152000000.0,31.1580300813984,-873000000.0,9247.0,74620525.57586244,2469341.408024224,"{'segments': [{'name': 'MarineProducts', 'type': 'Segment'}, {'name': 'Grocery', 'type': 'Segment'}, {'name': 'Fine', 'type': 'Segment'}, {'name': 'Logistics', 'type': 'Segment'}, {'name': 'NotInclude', 'type': 'NotInclude'}, {'name': 'Total', 'type': 'Total'}, {'name': 'Reconcile', 'type': 'Reconcile'}], 'periods': [{'name': 'CurrentYearInstant', 'instant': '2020-03-31'}, {'name': 'Prior1YearDuration', 'start_date': '2018-04-01', 'end_date': '2019-03-31'}, {'name': 'CurrentYearDuration', 'start_date': '2019-04-01', 'end_date': '2020-03-31'}, {'name': 'Prior1YearInstant', 'instant': '2019-03-31'}], 'values': [{'segment': 'MarineProducts', 'period': 'Prior1YearDuration', 'net_sales': '307786000000', 'operating_income': '10286000000', 'revenues_from_external_customers': '294422000000', 'transactions_with_other_segments': '13364000000'}, {'segment': 'MarineProducts', 'period': 'CurrentYearDuration', 'net_sales': '304534000000', 'operating_income': '11850000000', 'revenues_from_external_customers': '289589000000', 'transactions_with_other_segments': '14945000000'}, {'segment': 'Grocery', 'period': 'Prior1YearDuration', 'net_sales': '341414000000', 'operating_income': '11912000000', 'revenues_from_external_customers': '337897000000', 'transactions_with_other_segments': '3516000000'}, {'segment': 'Grocery', 'period': 'CurrentYearDuration', 'net_sales': '341104000000', 'operating_income': '12761000000', 'revenues_from_external_customers': '337245000000', 'transactions_with_other_segments': '3859000000'}, {'segment': 'Fine', 'period': 'Prior1YearDuration', 'net_sales': '27021000000', 'operating_income': '2612000000', 'revenues_from_external_customers': '26513000000', 'transactions_with_other_segments': '507000000'}, {'segment': 'Fine', 'period': 'CurrentYearDuration', 'net_sales': '27296000000', 'operating_income': '2599000000', 'revenues_from_external_customers': '27023000000', 'transactions_with_other_segments': '273000000'}, {'segment': 'Logistics', 'period': 'Prior1YearDuration', 'net_sales': '25818000000', 'operating_income': '1990000000', 'revenues_from_external_customers': '16663000000', 'transactions_with_other_segments': '9155000000'}, {'segment': 'Logistics', 'period': 'CurrentYearDuration', 'net_sales': '26322000000', 'operating_income': '1986000000', 'revenues_from_external_customers': '16596000000', 'transactions_with_other_segments': '9725000000'}, {'segment': 'NotInclude', 'period': 'Prior1YearDuration', 'net_sales': '39033000000', 'operating_income': '1156000000', 'revenues_from_external_customers': '36614000000', 'transactions_with_other_segments': '2419000000'}, {'segment': 'NotInclude', 'period': 'CurrentYearDuration', 'net_sales': '21543000000', 'operating_income': '413000000', 'revenues_from_external_customers': '19561000000', 'transactions_with_other_segments': '1982000000'}, {'segment': 'Total', 'period': 'CurrentYearDuration', 'net_sales': '699257000000', 'operating_income': '29198000000', 'revenues_from_external_customers': '670454000000', 'transactions_with_other_segments': '28803000000'}, {'segment': 'Total', 'period': 'Prior1YearDuration', 'net_sales': '702040000000', 'operating_income': '26802000000', 'revenues_from_external_customers': '675497000000', 'transactions_with_other_segments': '26543000000'}, {'segment': 'Reconcile', 'period': 'CurrentYearDuration', 'net_sales': '-30785000000', 'operating_income': '-6777000000', 'revenues_from_external_customers': None, 'transactions_with_other_segments': '-30785000000'}, {'segment': 'Reconcile', 'period': 'Prior1YearDuration', 'net_sales': '-28963000000', 'operating_income': '-6272000000', 'revenues_from_external_customers': None, 'transactions_with_other_segments': '-28963000000'}]}",27352000000.0,4503000000.0,2019.0,4.0,2020-06-25 13:12:00+00:00
