,company_name,ceo_name,headquarters_address,end_date,updated_date,edinet_updated_date,tdnet_updated_date,edinet_title,tdnet_title,accounting_standard,num_of_shares,issued_share_num,treasury_stock_num,assets,current_assets,cash_and_deposits,trade_receivables,notes_accounts_receivable,notes_receivable,accounts_receivable,current_securities,inventories,merchandise,work_in_process,raw_materials_and_supplies,prepaid_expenses,current_dta,current_allowance_doubtful_accounts,non_current_assets,tangible_fixed_assets,buildings,machineries,land,construction_in_progress,intangible_assets,good_will,investments_and_other_assets,investment_securities,non_current_dta,non_current_allowance_doubtful_accounts,lease_and_guarantee_deposits,liabilities,debt,current_liabilities,trade_payables,notes_accounts_payable,accounts_payable,notes_payable,short_term_bonds_payable,short_term_loans_payable,commercial_papers_liabilities,current_lease_obligations,current_portion_of_long_term_loans,current_portion_of_bonds,current_portion_of_convertible_bonds,current_portion_of_bonds_with_subscription_rights,advances_received,corporate_tax_payable,non_current_liabilities,bonds_payable,convertible_bonds,convertible_bond_type_bonds_with_subscription_rights,non_current_bonds_with_subscription_right,long_term_loans_payable,non_current_lease_obligations,non_current_dtl,net_assets,shareholders_equity,capital_stock,additional_capital_stock,retained_earnings,treasury_stock,valuation_and_translation_adjustments,non_controlling_interests,net_sales,cost_of_sales,gross_profit,gross_margin,sga,operating_income,operating_margin,non_operating_income,interest_and_dividends_income,interest_income,dividends_income,equity_method_income,non_operating_expenses,interest_expense,equity_method_loss,ordinary_income,extraordinary_income,gain_of_sales_non_current_assets,gain_of_sales_investment_securities,extraordinary_loss,loss_of_sales_non_current_assets,loss_of_valuation_investment_securities,impairment_loss,income_before_income_taxes,income_taxes,real_corporate_tax_rate,net_income,non_controling_interests,profit_loss_attributable_to_owners_of_parent,net_profit_margin,operating_cash_flow,income_before_taxes,depreciation,amortization,decrease_trade_receivables_op_cf,decrease_inventories_op_cf,increase_trade_payables_op_cf,investment_cash_flow,purchase_of_property,sale_of_property,purchase_of_intangible_assets,sale_of_intangible_assets,purchase_of_non_current_assets,sale_of_non_current_assets,purchase_of_securities,sale_of_securities,purchase_of_investment_securities,sale_of_investment_securities,lending,return_of_lending,financial_cash_flow,net_short_term_debt,long_term_debt_issuance,long_term_debt_repayment,bonds_issuance,bonds_repayment,share_repurchase,share_sales,dividend_payment,cash_translation_difference,free_cash_flow,ex_net_sales,ex_operating_income,ex_ordinary_income,ex_net_income,dividend,eps_actual,bps,ebitda_forecast,ebitda_actual,roe,real_roe,total_asset_turnover,financial_leverage,roa,roic,doe,net_sales_operating_cash_flow_ratio,sga_ratio,depreciation_gross_profit_ratio,r_and_d_ratio,interest_op_income_ratio,interest_coverage_ratio,net_sales_progress,operating_income_progress,net_income_progress,net_sales_growth_rate_forecast,operating_income_growth_rate_forecast,net_income_growth_rate_forecast,cash_assets_ratio,cash_monthly_sales_ratio,accounts_receivable_turnover,inventory_turnover,trade_payable_turnover,working_capital,ccc,tangible_fixed_assets_turnover,debt_assets_ratio,debt_monthly_sales_ratio,operating_cash_flow_debt_ratio,net_debt,adjusted_debt_ratio,de_ratio,current_ratio,net_debt_net_income_ratio,equity,equity_ratio,accrual,employee_num,net_sales_per_employee,operating_income_per_employee,segment_member,increase_in_properties,r_and_d_expenses,fiscal_year,fiscal_quarter,to_datetime
0,マルハニチロ株式会社,代表取締役社長  伊藤  滋,東京都江東区豊洲三丁目２番20号,2019-06-30T00:00:00.000Z,2019-08-08T09:00:00.000Z,2019-08-08T09:00:00.000Z,2019-08-05T15:00:00.000Z,【E00015】マルハニチロ株式会社 四半期報告書－第76期第1四半期(平成31年4月1日－令和1年6月30日),【13330】マルハニチロ株式会社 2020年３月期 第１四半期決算短信〔日本基準〕（連結） ,Japan GAAP,52626094.0,52656910.0,30816.0,541145000000.0,317065000000.0,14012000000.0,121814000000.0,121814000000.0,,,,171143000000.0,171143000000.0,,,,,-414000000.0,224080000000.0,143864000000.0,,,47761000000.0,,20090000000.0,7804000000.0,60124000000.0,,,-3494000000.0,,389517000000.0,278543000000.0,219999000000.0,36414000000.0,36414000000.0,,,,137818000000.0,,,,,,,,,169517000000.0,,,,,140725000000.0,,,151628000000.0,123907000000.0,20000000000.0,39755000000.0,64224000000.0,-73000000.0,2703000000.0,25017000000.0,221879000000.0,191696000000.0,30182000000.0,13.602909694022417,25399000000.0,4782000000.0,2.155228750805619,1808000000.0,,,556000000.0,511000000.0,941000000.0,416000000.0,,5649000000.0,416000000.0,,0.0,33000000.0,,,,6032000000.0,1809000000.0,29.99005305039788,4223000000.0,529000000.0,3693000000.0,1.664420697767702,,6032000000.0,,,,,,,,,,,,,,,,,,,,,,,,,,,,,0.0,940000000000.0,25500000000.0,26500000000.0,17000000000.0,,238.22782667472907,2405.8597242653045,25500000000.0,4782000000.0,9.901983240002842,9.896277351520318,1.6727568396640458,4.274075712220897,2.3167542895157487,2.6614571249450822,1.6626073247980033,0.0,11.447230247116671,0.0,0.0,8.699289000418235,11.495192307692308,23.604148936170212,18.75294117647059,21.723529411764705,323.6543341190469,433.24968632371395,360.33035472515576,2.5893244878914152,0.18575260383294814,49.11833133746647,79.3602050474188,16.885426261060683,256543000000.0,111.59311012382459,6.292081410220764,51.47289543468017,3.69255549025413,710.9678901424269,264531000000.0,256.7662704926138,2.1999905221505243,144.12110964140746,21.10002392916966,126611000000.0,23.39687144850271,3310000000.0,,,,"{'segments': [{'name': 'Logistics', 'type': 'Segment'}, {'name': 'Processed', 'type': 'Segment'}, {'name': 'Overseas', 'type': 'Segment'}, {'name': 'Trading', 'type': 'Segment'}, {'name': 'FisheryAndAquaculture', 'type': 'Segment'}, {'name': 'Reconcile', 'type': 'Reconcile'}, {'name': 'NotInclude', 'type': 'NotInclude'}, {'name': 'Total', 'type': 'Total'}], 'periods': [{'name': 'Prior1YTDDuration', 'start_date': '2018-04-01', 'end_date': '2018-06-30'}, {'name': 'CurrentYTDDuration', 'start_date': '2019-04-01', 'end_date': '2019-06-30'}], 'values': [{'segment': 'Logistics', 'period': 'Prior1YTDDuration', 'net_sales': '5711000000', 'operating_income': '389000000', 'revenues_from_external_customers': '4174000000', 'transactions_with_other_segments': '1537000000'}, {'segment': 'Processed', 'period': 'Prior1YTDDuration', 'net_sales': '59323000000', 'operating_income': '1547000000', 'revenues_from_external_customers': '57872000000', 'transactions_with_other_segments': '1450000000'}, {'segment': 'Overseas', 'period': 'Prior1YTDDuration', 'net_sales': '49026000000', 'operating_income': '1070000000', 'revenues_from_external_customers': '41536000000', 'transactions_with_other_segments': '7489000000'}, {'segment': 'Trading', 'period': 'Prior1YTDDuration', 'net_sales': '113520000000', 'operating_income': '796000000', 'revenues_from_external_customers': '107929000000', 'transactions_with_other_segments': '5590000000'}, {'segment': 'FisheryAndAquaculture', 'period': 'Prior1YTDDuration', 'net_sales': '11691000000', 'operating_income': '561000000', 'revenues_from_external_customers': '8587000000', 'transactions_with_other_segments': '3103000000'}, {'segment': 'Reconcile', 'period': 'Prior1YTDDuration', 'net_sales': '-19323000000', 'operating_income': '488000000', 'revenues_from_external_customers': None, 'transactions_with_other_segments': '-19323000000'}, {'segment': 'NotInclude', 'period': 'Prior1YTDDuration', 'net_sales': '4053000000', 'operating_income': '325000000', 'revenues_from_external_customers': '3901000000', 'transactions_with_other_segments': '151000000'}, {'segment': 'Total', 'period': 'Prior1YTDDuration', 'net_sales': '239273000000', 'operating_income': '4366000000', 'revenues_from_external_customers': '220101000000', 'transactions_with_other_segments': '19172000000'}, {'segment': 'Logistics', 'period': 'CurrentYTDDuration', 'net_sales': '5702000000', 'operating_income': '454000000', 'revenues_from_external_customers': '4122000000', 'transactions_with_other_segments': '1580000000'}, {'segment': 'Processed', 'period': 'CurrentYTDDuration', 'net_sales': '59641000000', 'operating_income': '1755000000', 'revenues_from_external_customers': '58262000000', 'transactions_with_other_segments': '1378000000'}, {'segment': 'Overseas', 'period': 'CurrentYTDDuration', 'net_sales': '48268000000', 'operating_income': '1385000000', 'revenues_from_external_customers': '41612000000', 'transactions_with_other_segments': '6655000000'}, {'segment': 'Trading', 'period': 'CurrentYTDDuration', 'net_sales': '110683000000', 'operating_income': '546000000', 'revenues_from_external_customers': '105455000000', 'transactions_with_other_segments': '5228000000'}, {'segment': 'Reconcile', 'period': 'CurrentYTDDuration', 'net_sales': '-17524000000', 'operating_income': '269000000', 'revenues_from_external_customers': None, 'transactions_with_other_segments': '-17524000000'}, {'segment': 'NotInclude', 'period': 'CurrentYTDDuration', 'net_sales': '3416000000', 'operating_income': '226000000', 'revenues_from_external_customers': '3343000000', 'transactions_with_other_segments': '72000000'}, {'segment': 'Total', 'period': 'CurrentYTDDuration', 'net_sales': '235987000000', 'operating_income': '4287000000', 'revenues_from_external_customers': '218535000000', 'transactions_with_other_segments': '17451000000'}, {'segment': 'FisheryAndAquaculture', 'period': 'CurrentYTDDuration', 'net_sales': '11690000000', 'operating_income': '143000000', 'revenues_from_external_customers': '9082000000', 'transactions_with_other_segments': '2608000000'}]}",,,2019.0,1.0,2019-08-08 09:00:00+00:00
1,マルハニチロ株式会社,代表取締役社長  伊藤  滋,東京都江東区豊洲三丁目２番20号,2019-09-30T00:00:00.000Z,2019-11-11T09:23:00.000Z,2019-11-11T09:23:00.000Z,2019-11-05T15:00:00.000Z,【E00015】マルハニチロ株式会社 四半期報告書－第76期第2四半期(令和1年7月1日－令和1年9月30日),【13330】マルハニチロ株式会社 2020年３月期 第２四半期決算短信〔日本基準〕（連結）  ,Japan GAAP,52625640.0,52656910.0,31270.0,534407000000.0,311409000000.0,14051000000.0,114953000000.0,114953000000.0,,,,167301000000.0,120663000000.0,21108000000.0,25529000000.0,,,-437000000.0,222998000000.0,144116000000.0,,,47742000000.0,,19594000000.0,7540000000.0,59288000000.0,,,-3479000000.0,,379462000000.0,271159000000.0,205347000000.0,37678000000.0,37678000000.0,,,,126073000000.0,,,,,,,,,174115000000.0,,,,,145086000000.0,,,154944000000.0,128327000000.0,20000000000.0,39756000000.0,68646000000.0,-75000000.0,1457000000.0,25160000000.0,447007000000.0,386420000000.0,60587000000.0,13.553926448579105,50690000000.0,9896000000.0,2.2138355775189202,2708000000.0,,,649000000.0,,1107000000.0,845000000.0,,11496000000.0,2587000000.0,,,545000000.0,,,,13539000000.0,4197000000.0,30.9993352537115,9342000000.0,1227000000.0,8114000000.0,1.8151841022623807,9240000000.0,13539000000.0,7456000000.0,500000000.0,-1121000000.0,-4199000000.0,4415000000.0,-11399000000.0,-12536000000.0,147000000.0,,,,,,,-24000000.0,147000000.0,,,4281000000.0,-263000000.0,19829000000.0,-11227000000.0,,,-2000000.0,0.0,-2096000000.0,65000000.0,21776000000.0,940000000000.0,25500000000.0,26500000000.0,17000000000.0,,238.22988185986907,2466.1742831061056,33456000000.0,17852000000.0,9.65989644332121,9.654317374999037,1.6938475731043943,4.117664735252419,2.345964779652961,2.6894097165931314,1.6219453861801145,2.0670817235524277,11.339867160916944,12.306270322016275,0.0,8.538803556992725,11.711242603550296,47.553936170212765,38.8078431372549,47.72941176470588,110.28753464710843,157.67987065481003,109.51441952181415,2.629269451934574,0.18626961436317116,46.35181130441315,77.57864279951978,17.47155189389368,244576000000.0,106.45890221003926,6.281079130700269,50.74016620291276,3.5946681631985715,692.1205778753382,257108000000.0,244.78418774472806,2.0893099303458054,151.65013367616766,20.50793650793651,129784000000.0,24.285610031305726,-3168000000.0,,,,"{'segments': [{'name': 'Reconcile', 'type': 'Reconcile'}, {'name': 'NotInclude', 'type': 'NotInclude'}, {'name': 'Total', 'type': 'Total'}, {'name': 'Logistics', 'type': 'Segment'}, {'name': 'Processed', 'type': 'Segment'}, {'name': 'Overseas', 'type': 'Segment'}, {'name': 'Trading', 'type': 'Segment'}, {'name': 'FisheryAndAquaculture', 'type': 'Segment'}], 'periods': [{'name': 'Prior1YTDDuration', 'start_date': '2018-04-01', 'end_date': '2018-09-30'}, {'name': 'CurrentYTDDuration', 'start_date': '2019-04-01', 'end_date': '2019-09-30'}], 'values': [{'segment': 'Reconcile', 'period': 'Prior1YTDDuration', 'net_sales': '-36900000000', 'operating_income': '492000000', 'revenues_from_external_customers': None, 'transactions_with_other_segments': '-36900000000'}, {'segment': 'NotInclude', 'period': 'Prior1YTDDuration', 'net_sales': '7529000000', 'operating_income': '626000000', 'revenues_from_external_customers': '7295000000', 'transactions_with_other_segments': '233000000'}, {'segment': 'Total', 'period': 'Prior1YTDDuration', 'net_sales': '477921000000', 'operating_income': '9096000000', 'revenues_from_external_customers': '441253000000', 'transactions_with_other_segments': '36667000000'}, {'segment': 'Logistics', 'period': 'Prior1YTDDuration', 'net_sales': '11284000000', 'operating_income': '791000000', 'revenues_from_external_customers': '8240000000', 'transactions_with_other_segments': '3043000000'}, {'segment': 'Processed', 'period': 'Prior1YTDDuration', 'net_sales': '119998000000', 'operating_income': '3080000000', 'revenues_from_external_customers': '117177000000', 'transactions_with_other_segments': '2820000000'}, {'segment': 'Overseas', 'period': 'Prior1YTDDuration', 'net_sales': '96481000000', 'operating_income': '2776000000', 'revenues_from_external_customers': '83228000000', 'transactions_with_other_segments': '13252000000'}, {'segment': 'Trading', 'period': 'Prior1YTDDuration', 'net_sales': '227134000000', 'operating_income': '1708000000', 'revenues_from_external_customers': '215817000000', 'transactions_with_other_segments': '11317000000'}, {'segment': 'FisheryAndAquaculture', 'period': 'Prior1YTDDuration', 'net_sales': '23022000000', 'operating_income': '739000000', 'revenues_from_external_customers': '16789000000', 'transactions_with_other_segments': '6232000000'}, {'segment': 'Reconcile', 'period': 'CurrentYTDDuration', 'net_sales': '-33254000000', 'operating_income': '555000000', 'revenues_from_external_customers': None, 'transactions_with_other_segments': '-33254000000'}, {'segment': 'NotInclude', 'period': 'CurrentYTDDuration', 'net_sales': '7347000000', 'operating_income': '594000000', 'revenues_from_external_customers': '7183000000', 'transactions_with_other_segments': '164000000'}, {'segment': 'Total', 'period': 'CurrentYTDDuration', 'net_sales': '472914000000', 'operating_income': '8746000000', 'revenues_from_external_customers': '439824000000', 'transactions_with_other_segments': '33090000000'}, {'segment': 'Processed', 'period': 'CurrentYTDDuration', 'net_sales': '120380000000', 'operating_income': '3291000000', 'revenues_from_external_customers': '117628000000', 'transactions_with_other_segments': '2751000000'}, {'segment': 'Overseas', 'period': 'CurrentYTDDuration', 'net_sales': '91712000000', 'operating_income': '2989000000', 'revenues_from_external_customers': '80235000000', 'transactions_with_other_segments': '11476000000'}, {'segment': 'Trading', 'period': 'CurrentYTDDuration', 'net_sales': '224678000000', 'operating_income': '1415000000', 'revenues_from_external_customers': '214475000000', 'transactions_with_other_segments': '10203000000'}, {'segment': 'FisheryAndAquaculture', 'period': 'CurrentYTDDuration', 'net_sales': '24702000000', 'operating_income': '52000000', 'revenues_from_external_customers': '19207000000', 'transactions_with_other_segments': '5495000000'}, {'segment': 'Logistics', 'period': 'CurrentYTDDuration', 'net_sales': '11441000000', 'operating_income': '997000000', 'revenues_from_external_customers': '8277000000', 'transactions_with_other_segments': '3163000000'}]}",,,2019.0,2.0,2019-11-11 09:23:00+00:00
2,マルハニチロ株式会社,代表取締役社長  伊藤  滋,東京都江東区豊洲三丁目２番20号,2019-12-31T00:00:00.000Z,2020-02-07T09:01:00.000Z,2020-02-07T09:01:00.000Z,2020-02-03T15:00:00.000Z,【E00015】マルハニチロ株式会社 四半期報告書－第76期第3四半期(令和1年10月1日－令和1年12月31日),【13330】マルハニチロ株式会社 2020年３月期 第３四半期決算短信〔日本基準〕（連結） ,Japan GAAP,52624973.0,52656910.0,31937.0,572650000000.0,347921000000.0,16961000000.0,145610000000.0,145610000000.0,,,,174051000000.0,174051000000.0,,,,,-518000000.0,224729000000.0,144320000000.0,,,47815000000.0,,19370000000.0,7524000000.0,61039000000.0,,,-3450000000.0,,410887000000.0,288160000000.0,237628000000.0,49070000000.0,49070000000.0,,,,143731000000.0,,,,,,,,,173259000000.0,,,,,144429000000.0,,,161762000000.0,133142000000.0,20000000000.0,39756000000.0,73462000000.0,-76000000.0,2799000000.0,25821000000.0,698390000000.0,605188000000.0,93202000000.0,13.345265539311846,77165000000.0,16036000000.0,2.296138260857114,4274000000.0,,,981000000.0,,1676000000.0,1315000000.0,,18635000000.0,3740000000.0,,,838000000.0,,,,21536000000.0,6589000000.0,30.595282317979198,14947000000.0,2016000000.0,12931000000.0,1.851544266097739,,21536000000.0,,,,,,,,,,,,,,,,,,,,,,,,,,,,,0.0,910000000000.0,17500000000.0,19500000000.0,13000000000.0,,238.23290132614414,2583.203225586453,17500000000.0,16036000000.0,9.222383239787849,9.21723019916628,1.5807281934864228,4.212489241656307,2.18929538112285,2.5425547216347053,1.5484650841173744,0.0,11.04898409198299,0.0,0.0,8.20029932651534,12.19467680608365,76.74615384615385,91.63428571428571,99.46923076923076,30.299689285356312,9.129458717884752,0.5336014229371244,2.9618440583253296,0.22484655392596584,58.713450227793956,80.7086649685251,22.754101901198652,270591000000.0,116.6680132951204,6.27220066518847,50.3204400593731,3.8200449843350226,735.5148297513911,271199000000.0,253.88783845573968,2.119743123855202,146.4141431144478,21.631889606763977,135941000000.0,23.73893303064699,10029000000.0,,,,"{'segments': [{'name': 'Reconcile', 'type': 'Reconcile'}, {'name': 'NotInclude', 'type': 'NotInclude'}, {'name': 'Total', 'type': 'Total'}, {'name': 'Logistics', 'type': 'Segment'}, {'name': 'Processed', 'type': 'Segment'}, {'name': 'Overseas', 'type': 'Segment'}, {'name': 'Trading', 'type': 'Segment'}, {'name': 'FisheryAndAquaculture', 'type': 'Segment'}], 'periods': [{'name': 'Prior1YTDDuration', 'start_date': '2018-04-01', 'end_date': '2018-12-31'}, {'name': 'CurrentYTDDuration', 'start_date': '2019-04-01', 'end_date': '2019-12-31'}], 'values': [{'segment': 'Reconcile', 'period': 'Prior1YTDDuration', 'net_sales': '-58675000000', 'operating_income': '588000000', 'revenues_from_external_customers': None, 'transactions_with_other_segments': '-58675000000'}, {'segment': 'NotInclude', 'period': 'Prior1YTDDuration', 'net_sales': '11566000000', 'operating_income': '1058000000', 'revenues_from_external_customers': '11198000000', 'transactions_with_other_segments': '368000000'}, {'segment': 'Total', 'period': 'Prior1YTDDuration', 'net_sales': '762267000000', 'operating_income': '18398000000', 'revenues_from_external_customers': '703961000000', 'transactions_with_other_segments': '58306000000'}, {'segment': 'Reconcile', 'period': 'CurrentYTDDuration', 'net_sales': '-52958000000', 'operating_income': '401000000', 'revenues_from_external_customers': None, 'transactions_with_other_segments': '-52958000000'}, {'segment': 'NotInclude', 'period': 'CurrentYTDDuration', 'net_sales': '11303000000', 'operating_income': '855000000', 'revenues_from_external_customers': '11049000000', 'transactions_with_other_segments': '253000000'}, {'segment': 'Total', 'period': 'CurrentYTDDuration', 'net_sales': '740045000000', 'operating_income': '14778000000', 'revenues_from_external_customers': '687341000000', 'transactions_with_other_segments': '52704000000'}, {'segment': 'Logistics', 'period': 'Prior1YTDDuration', 'net_sales': '17261000000', 'operating_income': '1528000000', 'revenues_from_external_customers': '12496000000', 'transactions_with_other_segments': '4765000000'}, {'segment': 'Processed', 'period': 'Prior1YTDDuration', 'net_sales': '185103000000', 'operating_income': '5882000000', 'revenues_from_external_customers': '180684000000', 'transactions_with_other_segments': '4419000000'}, {'segment': 'Overseas', 'period': 'Prior1YTDDuration', 'net_sales': '155551000000', 'operating_income': '6114000000', 'revenues_from_external_customers': '133908000000', 'transactions_with_other_segments': '21642000000'}, {'segment': 'Trading', 'period': 'Prior1YTDDuration', 'net_sales': '368023000000', 'operating_income': '3693000000', 'revenues_from_external_customers': '349977000000', 'transactions_with_other_segments': '18045000000'}, {'segment': 'FisheryAndAquaculture', 'period': 'Prior1YTDDuration', 'net_sales': '36327000000', 'operating_income': '1180000000', 'revenues_from_external_customers': '26894000000', 'transactions_with_other_segments': '9433000000'}, {'segment': 'Logistics', 'period': 'CurrentYTDDuration', 'net_sales': '17472000000', 'operating_income': '1779000000', 'revenues_from_external_customers': '12612000000', 'transactions_with_other_segments': '4859000000'}, {'segment': 'Processed', 'period': 'CurrentYTDDuration', 'net_sales': '183893000000', 'operating_income': '6151000000', 'revenues_from_external_customers': '179376000000', 'transactions_with_other_segments': '4516000000'}, {'segment': 'Overseas', 'period': 'CurrentYTDDuration', 'net_sales': '141148000000', 'operating_income': '3561000000', 'revenues_from_external_customers': '122469000000', 'transactions_with_other_segments': '18679000000'}, {'segment': 'Trading', 'period': 'CurrentYTDDuration', 'net_sales': '359158000000', 'operating_income': '3234000000', 'revenues_from_external_customers': '342978000000', 'transactions_with_other_segments': '16179000000'}, {'segment': 'FisheryAndAquaculture', 'period': 'CurrentYTDDuration', 'net_sales': '38373000000', 'operating_income': '50000000', 'revenues_from_external_customers': '29904000000', 'transactions_with_other_segments': '8469000000'}]}",,,2019.0,3.0,2020-02-07 09:01:00+00:00
3,マルハニチロ株式会社,代表取締役社長  池見  賢,東京都江東区豊洲三丁目２番20号,2020-03-31T00:00:00.000Z,2020-06-25T12:22:00.000Z,2020-06-25T12:22:00.000Z,2020-05-14T15:00:00.000Z,有価証券報告書－第76期(平成31年4月1日－令和2年3月31日),2020年３月期　決算短信〔日本基準〕（連結）,Japan GAAP,52624620.0,52656910.0,32290.0,528063000000.0,301990000000.0,21782000000.0,106077000000.0,106077000000.0,,,,164309000000.0,117372000000.0,21572000000.0,25363000000.0,,,-404000000.0,226073000000.0,148206000000.0,48557000000.0,35173000000.0,46533000000.0,13859000000.0,19039000000.0,6899000000.0,58827000000.0,35407000000.0,,-3443000000.0,,369085000000.0,261714000000.0,199528000000.0,32797000000.0,32797000000.0,,,,122510000000.0,,,,,,,,3939000000.0,169556000000.0,,,,,139204000000.0,,,158978000000.0,132747000000.0,20000000000.0,39756000000.0,73069000000.0,-77000000.0,-119000000.0,26350000000.0,905204000000.0,787135000000.0,118069000000.0,13.043358182244003,100989000000.0,17079000000.0,1.8867570183074756,5207000000.0,,,1007000000.0,775000000.0,2386000000.0,1747000000.0,,19901000000.0,4915000000.0,917000000.0,,3749000000.0,,,689000000.0,21067000000.0,6296000000.0,29.885603075900697,14770000000.0,2232000000.0,12537000000.0,1.384991670385902,39178000000.0,21067000000.0,15190000000.0,1449000000.0,8145000000.0,1459000000.0,-1275000000.0,-22445000000.0,-24132000000.0,2297000000.0,,,,,,,-692000000.0,157000000.0,,,-7132000000.0,-6100000000.0,30317000000.0,-25794000000.0,,,-5000000.0,0.0,-2098000000.0,319000000.0,63310000000.0,,,,,40.0,238.2344993655061,2520.2652294686404,,33718000000.0,9.452755074343276,9.447270261105459,1.7141969802845494,3.981534819193534,2.374148539094767,2.7344284910052696,1.587134541725729,4.328085160914004,11.15649069160101,12.86535839212664,0.0,10.228936120381755,9.776187750429308,,,,-100.0,-100.0,-100.0,4.124886613907811,0.2887570094696886,42.77279486171073,76.19123149142142,15.208198085461833,237589000000.0,103.75582826767031,6.107741926777593,49.56113191039705,3.4694588181227655,668.0126601664199,239932000000.0,232.0486624123731,1.9732937237988961,151.35219117116395,19.137911781127862,132628000000.0,25.115942605333075,-27807000000.0,11107.0,81498514.45034663,1537678.941208247,"{'segments': [{'name': 'Total', 'type': 'Total'}, {'name': 'Logistics', 'type': 'Segment'}, {'name': 'Processed', 'type': 'Segment'}, {'name': 'Overseas', 'type': 'Segment'}, {'name': 'Trading', 'type': 'Segment'}, {'name': 'FisheryAndAquaculture', 'type': 'Segment'}, {'name': 'Reconcile', 'type': 'Reconcile'}, {'name': 'NotInclude', 'type': 'NotInclude'}], 'periods': [{'name': 'Prior1YearInstant', 'instant': '2019-03-31'}, {'name': 'CurrentYearDuration', 'start_date': '2019-04-01', 'end_date': '2020-03-31'}, {'name': 'CurrentYearInstant', 'instant': '2020-03-31'}, {'name': 'Prior1YearDuration', 'start_date': '2018-04-01', 'end_date': '2019-03-31'}], 'values': [{'segment': 'Logistics', 'period': 'CurrentYearDuration', 'net_sales': '22836000000', 'operating_income': '2073000000', 'revenues_from_external_customers': '16524000000', 'transactions_with_other_segments': '6312000000'}, {'segment': 'Processed', 'period': 'CurrentYearDuration', 'net_sales': '240363000000', 'operating_income': '6866000000', 'revenues_from_external_customers': '234328000000', 'transactions_with_other_segments': '6034000000'}, {'segment': 'Overseas', 'period': 'CurrentYearDuration', 'net_sales': '189591000000', 'operating_income': '4172000000', 'revenues_from_external_customers': '166404000000', 'transactions_with_other_segments': '23187000000'}, {'segment': 'Trading', 'period': 'CurrentYearDuration', 'net_sales': '455203000000', 'operating_income': '2509000000', 'revenues_from_external_customers': '434643000000', 'transactions_with_other_segments': '20560000000'}, {'segment': 'FisheryAndAquaculture', 'period': 'CurrentYearDuration', 'net_sales': '49573000000', 'operating_income': '-277000000', 'revenues_from_external_customers': '39171000000', 'transactions_with_other_segments': '10401000000'}, {'segment': 'Total', 'period': 'Prior1YearDuration', 'net_sales': '981066000000', 'operating_income': '20232000000', 'revenues_from_external_customers': '908289000000', 'transactions_with_other_segments': '72777000000'}, {'segment': 'Reconcile', 'period': 'CurrentYearDuration', 'net_sales': '-66808000000', 'operating_income': '783000000', 'revenues_from_external_customers': None, 'transactions_with_other_segments': '-66808000000'}, {'segment': 'NotInclude', 'period': 'CurrentYearDuration', 'net_sales': '14445000000', 'operating_income': '952000000', 'revenues_from_external_customers': '14131000000', 'transactions_with_other_segments': '313000000'}, {'segment': 'Total', 'period': 'CurrentYearDuration', 'net_sales': '957568000000', 'operating_income': '15344000000', 'revenues_from_external_customers': '891072000000', 'transactions_with_other_segments': '66495000000'}, {'segment': 'Logistics', 'period': 'Prior1YearDuration', 'net_sales': '22543000000', 'operating_income': '1878000000', 'revenues_from_external_customers': '16348000000', 'transactions_with_other_segments': '6194000000'}, {'segment': 'Reconcile', 'period': 'Prior1YearDuration', 'net_sales': '-73221000000', 'operating_income': '445000000', 'revenues_from_external_customers': None, 'transactions_with_other_segments': '-73221000000'}, {'segment': 'NotInclude', 'period': 'Prior1YearDuration', 'net_sales': '14623000000', 'operating_income': '1081000000', 'revenues_from_external_customers': '14179000000', 'transactions_with_other_segments': '444000000'}, {'segment': 'Processed', 'period': 'Prior1YearDuration', 'net_sales': '241130000000', 'operating_income': '6308000000', 'revenues_from_external_customers': '235490000000', 'transactions_with_other_segments': '5639000000'}, {'segment': 'Overseas', 'period': 'Prior1YearDuration', 'net_sales': '202545000000', 'operating_income': '7238000000', 'revenues_from_external_customers': '175884000000', 'transactions_with_other_segments': '26660000000'}, {'segment': 'Trading', 'period': 'Prior1YearDuration', 'net_sales': '467715000000', 'operating_income': '3280000000', 'revenues_from_external_customers': '445094000000', 'transactions_with_other_segments': '22621000000'}, {'segment': 'FisheryAndAquaculture', 'period': 'Prior1YearDuration', 'net_sales': '47130000000', 'operating_income': '1526000000', 'revenues_from_external_customers': '35469000000', 'transactions_with_other_segments': '11660000000'}]}",25075000000.0,,2019.0,4.0,2020-06-25 12:22:00+00:00
5,マルハニチロ株式会社,代表取締役社長  伊藤  滋,東京都江東区豊洲三丁目２番20号,2017-09-30T00:00:00.000Z,2017-11-13T11:10:00.000Z,2017-11-13T11:10:00.000Z,2017-11-06T15:00:00.000Z,【E00015】マルハニチロ株式会社 四半期報告書－第74期第2四半期(平成29年7月1日－平成29年9月30日),【13330】マルハニチロ株式会社 平成30年３月期 第２四半期決算短信[日本基準]（連結）,Japan GAAP,52631797.0,52656910.0,25113.0,532867000000.0,309475000000.0,14123000000.0,123277000000.0,123277000000.0,,,,156601000000.0,113202000000.0,19896000000.0,23502000000.0,,,-437000000.0,223392000000.0,140298000000.0,,,49250000000.0,,22007000000.0,9565000000.0,61086000000.0,,,-4479000000.0,,403073000000.0,290670000000.0,252571000000.0,38517000000.0,38517000000.0,,,,169186000000.0,,,,,,,,,150501000000.0,,,,,121484000000.0,,,129794000000.0,100285000000.0,20000000000.0,39757000000.0,40579000000.0,-51000000.0,6959000000.0,22549000000.0,446771000000.0,383941000000.0,62830000000.0,14.063133014452594,49866000000.0,12963000000.0,2.9014864438381185,3226000000.0,,,697000000.0,,1106000000.0,911000000.0,,15082000000.0,225000000.0,73000000.0,143000000.0,801000000.0,,,487000000.0,14507000000.0,3934000000.0,27.117943061970085,10572000000.0,1413000000.0,9158000000.0,2.0498197062924857,-4053000000.0,14507000000.0,7063000000.0,598000000.0,-19681000000.0,-7732000000.0,6081000000.0,-9555000000.0,-11299000000.0,173000000.0,,,,,,,-23000000.0,380000000.0,,,14244000000.0,17950000000.0,21109000000.0,-20293000000.0,,,-6000000.0,0.0,-2356000000.0,140000000.0,7246000000.0,900000000000.0,24000000000.0,25000000000.0,13500000000.0,,305.93673250411723,2037.6465580303102,31661000000.0,20624000000.0,15.014219777145787,15.007083209066508,1.7242951805985358,4.968688516947177,3.021767157658478,4.321525954035409,1.9630489813044896,-0.9071761595985415,11.161422742299747,11.241445169505013,0.0,7.027694206587981,14.229418221734358,49.641222222222225,54.0125,67.83703703703704,101.44548325652289,85.14232816477667,47.41209871150907,2.6503799259477505,0.18444962016499425,48.97162120981258,72.01588121531299,17.71275851859318,241361000000.0,103.2747439065324,6.549059858301615,54.54832068790149,3.7962168868766466,977.4691461815246,276547000000.0,310.4262774846933,2.7103361462072826,122.52990248286619,17.174698795180724,107245000000.0,20.126035202029772,13787000000.0,,,,"{'segments': [{'name': 'Reconcile', 'type': 'Reconcile'}, {'name': 'NotInclude', 'type': 'NotInclude'}, {'name': 'Total', 'type': 'Total'}, {'name': 'Logistics', 'type': 'Segment'}, {'name': 'Processed', 'type': 'Segment'}, {'name': 'Overseas', 'type': 'Segment'}, {'name': 'Trading', 'type': 'Segment'}, {'name': 'FisheryAndAquaculture', 'type': 'Segment'}], 'periods': [{'name': 'Prior1YTDDuration', 'start_date': '2016-04-01', 'end_date': '2016-09-30'}, {'name': 'CurrentYTDDuration', 'start_date': '2017-04-01', 'end_date': '2017-09-30'}], 'values': [{'segment': 'Reconcile', 'period': 'Prior1YTDDuration', 'net_sales': '-38204000000', 'operating_income': '108000000', 'revenues_from_external_customers': None, 'transactions_with_other_segments': '-38204000000'}, {'segment': 'NotInclude', 'period': 'Prior1YTDDuration', 'net_sales': '6298000000', 'operating_income': '526000000', 'revenues_from_external_customers': '6116000000', 'transactions_with_other_segments': '181000000'}, {'segment': 'Total', 'period': 'Prior1YTDDuration', 'net_sales': '459219000000', 'operating_income': '14163000000', 'revenues_from_external_customers': '421196000000', 'transactions_with_other_segments': '38022000000'}, {'segment': 'Logistics', 'period': 'Prior1YTDDuration', 'net_sales': '10726000000', 'operating_income': '837000000', 'revenues_from_external_customers': '7815000000', 'transactions_with_other_segments': '2911000000'}, {'segment': 'Processed', 'period': 'Prior1YTDDuration', 'net_sales': '107608000000', 'operating_income': '3355000000', 'revenues_from_external_customers': '104801000000', 'transactions_with_other_segments': '2806000000'}, {'segment': 'Overseas', 'period': 'Prior1YTDDuration', 'net_sales': '89647000000', 'operating_income': '4374000000', 'revenues_from_external_customers': '70746000000', 'transactions_with_other_segments': '18900000000'}, {'segment': 'Trading', 'period': 'Prior1YTDDuration', 'net_sales': '227595000000', 'operating_income': '4847000000', 'revenues_from_external_customers': '220356000000', 'transactions_with_other_segments': '7239000000'}, {'segment': 'FisheryAndAquaculture', 'period': 'Prior1YTDDuration', 'net_sales': '23641000000', 'operating_income': '748000000', 'revenues_from_external_customers': '17477000000', 'transactions_with_other_segments': '6164000000'}, {'segment': 'Reconcile', 'period': 'CurrentYTDDuration', 'net_sales': '-35651000000', 'operating_income': '426000000', 'revenues_from_external_customers': None, 'transactions_with_other_segments': '-35651000000'}, {'segment': 'NotInclude', 'period': 'CurrentYTDDuration', 'net_sales': '6617000000', 'operating_income': '624000000', 'revenues_from_external_customers': '6384000000', 'transactions_with_other_segments': '233000000'}, {'segment': 'Total', 'period': 'CurrentYTDDuration', 'net_sales': '475804000000', 'operating_income': '11911000000', 'revenues_from_external_customers': '440387000000', 'transactions_with_other_segments': '35417000000'}, {'segment': 'Processed', 'period': 'CurrentYTDDuration', 'net_sales': '109812000000', 'operating_income': '3180000000', 'revenues_from_external_customers': '107250000000', 'transactions_with_other_segments': '2561000000'}, {'segment': 'Overseas', 'period': 'CurrentYTDDuration', 'net_sales': '93129000000', 'operating_income': '3344000000', 'revenues_from_external_customers': '76696000000', 'transactions_with_other_segments': '16433000000'}, {'segment': 'Trading', 'period': 'CurrentYTDDuration', 'net_sales': '236088000000', 'operating_income': '3306000000', 'revenues_from_external_customers': '228781000000', 'transactions_with_other_segments': '7307000000'}, {'segment': 'FisheryAndAquaculture', 'period': 'CurrentYTDDuration', 'net_sales': '25854000000', 'operating_income': '1269000000', 'revenues_from_external_customers': '19809000000', 'transactions_with_other_segments': '6044000000'}, {'segment': 'Logistics', 'period': 'CurrentYTDDuration', 'net_sales': '10920000000', 'operating_income': '809000000', 'revenues_from_external_customers': '7849000000', 'transactions_with_other_segments': '3070000000'}]}",,,2017.0,2.0,2017-11-13 11:10:00+00:00
6,マルハニチロ株式会社,代表取締役社長  伊藤  滋,東京都江東区豊洲三丁目２番20号,2017-12-31T00:00:00.000Z,2018-02-13T09:58:00.000Z,2018-02-13T09:58:00.000Z,2018-02-05T15:00:00.000Z,【E00015】マルハニチロ株式会社 四半期報告書－第74期第3四半期(平成29年10月1日－平成29年12月31日),【13330】マルハニチロ株式会社 平成30年３月期 第３四半期決算短信〔日本基準〕（連結） ,Japan GAAP,52630636.0,52656910.0,26274.0,565550000000.0,340784000000.0,15363000000.0,150614000000.0,150614000000.0,,,,160875000000.0,160875000000.0,,,,,-513000000.0,224765000000.0,140776000000.0,,,49065000000.0,,21763000000.0,9297000000.0,62224000000.0,,,-4504000000.0,,425656000000.0,301069000000.0,270237000000.0,49585000000.0,49585000000.0,,,,174567000000.0,,,,,,,,,155418000000.0,,,,,126502000000.0,,,139893000000.0,106824000000.0,20000000000.0,39757000000.0,47122000000.0,-55000000.0,8772000000.0,24296000000.0,708398000000.0,610237000000.0,98160000000.0,13.856617325288891,76169000000.0,21991000000.0,3.1043283577875713,4833000000.0,,,1080000000.0,910000000.0,1723000000.0,1381000000.0,,25101000000.0,901000000.0,,767000000.0,974000000.0,,,504000000.0,25028000000.0,6707000000.0,26.79798625539396,18320000000.0,2618000000.0,15702000000.0,2.2165505831467622,,25028000000.0,,,,,,,,,,,,,,,,,,,,,,,,,,,,,0.0,910000000000.0,24000000000.0,27500000000.0,15500000000.0,,305.9434812834107,2196.3823503861895,24000000000.0,21991000000.0,13.929427234270786,13.92280289143292,1.6246485721863673,4.89242800418696,2.847139952258863,4.127046603274565,1.8211765357232452,0.0,10.75228896750132,0.0,0.0,6.279841753444591,15.92396813902969,77.84593406593406,91.62916666666666,101.30322580645161,28.458860696952847,9.135555454504107,-1.2864603235256622,2.7164706922464856,0.2006443046516184,59.83120741821031,73.98135957314115,22.802584083507096,261904000000.0,111.00998290784435,6.526822753878502,53.23472725665282,3.9320302126640696,1012.4390489962,285706000000.0,304.1529711035528,2.604470704257031,126.10560359980315,17.74351012296609,115597000000.0,20.439748916983465,15775000000.0,,,,"{'segments': [{'name': 'Reconcile', 'type': 'Reconcile'}, {'name': 'NotInclude', 'type': 'NotInclude'}, {'name': 'Total', 'type': 'Total'}, {'name': 'Logistics', 'type': 'Segment'}, {'name': 'Processed', 'type': 'Segment'}, {'name': 'Overseas', 'type': 'Segment'}, {'name': 'Trading', 'type': 'Segment'}, {'name': 'FisheryAndAquaculture', 'type': 'Segment'}], 'periods': [{'name': 'CurrentYTDDuration', 'start_date': '2017-04-01', 'end_date': '2017-12-31'}, {'name': 'Prior1YTDDuration', 'start_date': '2016-04-01', 'end_date': '2016-12-31'}], 'values': [{'segment': 'Reconcile', 'period': 'CurrentYTDDuration', 'net_sales': '-56159000000', 'operating_income': '841000000', 'revenues_from_external_customers': None, 'transactions_with_other_segments': '-56159000000'}, {'segment': 'NotInclude', 'period': 'CurrentYTDDuration', 'net_sales': '10306000000', 'operating_income': '876000000', 'revenues_from_external_customers': '9962000000', 'transactions_with_other_segments': '344000000'}, {'segment': 'Total', 'period': 'CurrentYTDDuration', 'net_sales': '754251000000', 'operating_income': '20273000000', 'revenues_from_external_customers': '698435000000', 'transactions_with_other_segments': '55815000000'}, {'segment': 'Reconcile', 'period': 'Prior1YTDDuration', 'net_sales': '-60391000000', 'operating_income': '74000000', 'revenues_from_external_customers': None, 'transactions_with_other_segments': '-60391000000'}, {'segment': 'NotInclude', 'period': 'Prior1YTDDuration', 'net_sales': '9968000000', 'operating_income': '1008000000', 'revenues_from_external_customers': '9663000000', 'transactions_with_other_segments': '305000000'}, {'segment': 'Total', 'period': 'Prior1YTDDuration', 'net_sales': '725801000000', 'operating_income': '24391000000', 'revenues_from_external_customers': '665715000000', 'transactions_with_other_segments': '60086000000'}, {'segment': 'Logistics', 'period': 'Prior1YTDDuration', 'net_sales': '16360000000', 'operating_income': '1461000000', 'revenues_from_external_customers': '11840000000', 'transactions_with_other_segments': '4519000000'}, {'segment': 'Processed', 'period': 'Prior1YTDDuration', 'net_sales': '165486000000', 'operating_income': '5911000000', 'revenues_from_external_customers': '161213000000', 'transactions_with_other_segments': '4272000000'}, {'segment': 'Overseas', 'period': 'Prior1YTDDuration', 'net_sales': '140980000000', 'operating_income': '7229000000', 'revenues_from_external_customers': '110373000000', 'transactions_with_other_segments': '30606000000'}, {'segment': 'Trading', 'period': 'Prior1YTDDuration', 'net_sales': '365368000000', 'operating_income': '7888000000', 'revenues_from_external_customers': '354092000000', 'transactions_with_other_segments': '11275000000'}, {'segment': 'FisheryAndAquaculture', 'period': 'Prior1YTDDuration', 'net_sales': '37606000000', 'operating_income': '1900000000', 'revenues_from_external_customers': '28194000000', 'transactions_with_other_segments': '9412000000'}, {'segment': 'Logistics', 'period': 'CurrentYTDDuration', 'net_sales': '16786000000', 'operating_income': '1495000000', 'revenues_from_external_customers': '12097000000', 'transactions_with_other_segments': '4688000000'}, {'segment': 'Processed', 'period': 'CurrentYTDDuration', 'net_sales': '168595000000', 'operating_income': '5102000000', 'revenues_from_external_customers': '164671000000', 'transactions_with_other_segments': '3924000000'}, {'segment': 'Overseas', 'period': 'CurrentYTDDuration', 'net_sales': '147544000000', 'operating_income': '5946000000', 'revenues_from_external_customers': '121616000000', 'transactions_with_other_segments': '25928000000'}, {'segment': 'Trading', 'period': 'CurrentYTDDuration', 'net_sales': '382150000000', 'operating_income': '5462000000', 'revenues_from_external_customers': '370616000000', 'transactions_with_other_segments': '11533000000'}, {'segment': 'FisheryAndAquaculture', 'period': 'CurrentYTDDuration', 'net_sales': '39175000000', 'operating_income': '2267000000', 'revenues_from_external_customers': '29433000000', 'transactions_with_other_segments': '9741000000'}]}",,,2017.0,3.0,2018-02-13 09:58:00+00:00
7,マルハニチロ株式会社,代表取締役社長  伊藤  滋,東京都江東区豊洲三丁目２番20号,2018-03-31T00:00:00.000Z,2018-06-27T13:40:00.000Z,2018-06-27T13:40:00.000Z,2018-05-07T15:00:00.000Z,【E00015】マルハニチロ株式会社 有価証券報告書－第74期(平成29年4月1日－平成30年3月31日),【13330】マルハニチロ株式会社 平成30年３月期 決算短信〔日本基準〕（連結）  ,Japan GAAP,52630126.0,52656910.0,26784.0,516607000000.0,292184000000.0,16475000000.0,115703000000.0,115703000000.0,,,,152010000000.0,111010000000.0,17161000000.0,23838000000.0,,,-373000000.0,224423000000.0,138444000000.0,48801000000.0,33761000000.0,48430000000.0,4150000000.0,21917000000.0,9125000000.0,64061000000.0,41153000000.0,7127000000.0,-4477000000.0,,376557000000.0,266037000000.0,219762000000.0,36758000000.0,36758000000.0,,,,138199000000.0,,,,,,,,3886000000.0,156794000000.0,,,,,127838000000.0,,,140049000000.0,107169000000.0,20000000000.0,39703000000.0,47523000000.0,-57000000.0,8290000000.0,24589000000.0,918820000000.0,793705000000.0,125115000000.0,13.616921703924598,100617000000.0,24497000000.0,2.666137001806665,5816000000.0,,,1154000000.0,1352000000.0,2397000000.0,1845000000.0,,27917000000.0,1384000000.0,588000000.0,771000000.0,2590000000.0,,,1455000000.0,26711000000.0,7301000000.0,27.33330837482685,19409000000.0,3307000000.0,16102000000.0,1.7524651183039115,29737000000.0,26711000000.0,14686000000.0,1184000000.0,-11184000000.0,-784000000.0,3151000000.0,-14975000000.0,-19864000000.0,1218000000.0,,,,,,,-103000000.0,1431000000.0,,,-13314000000.0,-12017000000.0,38123000000.0,-33379000000.0,,,-12000000.0,0.0,-2359000000.0,412000000.0,49601000000.0,920000000000.0,25000000000.0,27000000000.0,17000000000.0,40.0,305.9464459575871,2193.8005620583162,40870000000.0,40367000000.0,13.945955309197991,13.939073902542482,1.7777545598953648,4.474337432877187,3.1154528551223484,4.507505956796515,1.823319799064611,3.236433686685096,10.950675866872729,11.73800103904408,0.0,7.531534473609014,13.277506775067751,99.87173913043478,97.988,94.71764705882353,0.12842558934285098,2.053312650528638,5.576946963110174,3.189077964487512,0.21516727977188135,45.96285997257352,69.90462451414568,16.90384966706774,230955000000.0,98.96363481965147,6.636762878853544,51.49697932858053,3.4745042554580876,894.632948851599,249562000000.0,268.76579161492015,2.3041486228997057,132.9547419481075,15.49882002235747,115460000000.0,22.34967780150095,-12429000000.0,10938.0,84002559.88297679,2239623.3315048455,"{'segments': [{'name': 'NotInclude', 'type': 'NotInclude'}, {'name': 'Total', 'type': 'Total'}, {'name': 'Logistics', 'type': 'Segment'}, {'name': 'Processed', 'type': 'Segment'}, {'name': 'Overseas', 'type': 'Segment'}, {'name': 'Trading', 'type': 'Segment'}, {'name': 'FisheryAndAquaculture', 'type': 'Segment'}, {'name': 'Reconcile', 'type': 'Reconcile'}], 'periods': [{'name': 'Prior1YearInstant', 'instant': '2017-03-31'}, {'name': 'CurrentYearDuration', 'start_date': '2017-04-01', 'end_date': '2018-03-31'}, {'name': 'CurrentYearInstant', 'instant': '2018-03-31'}, {'name': 'Prior1YearDuration', 'start_date': '2016-04-01', 'end_date': '2017-03-31'}], 'values': [{'segment': 'Logistics', 'period': 'CurrentYearDuration', 'net_sales': '22069000000', 'operating_income': '1870000000', 'revenues_from_external_customers': '15969000000', 'transactions_with_other_segments': '6099000000'}, {'segment': 'Processed', 'period': 'CurrentYearDuration', 'net_sales': '219983000000', 'operating_income': '5177000000', 'revenues_from_external_customers': '214938000000', 'transactions_with_other_segments': '5044000000'}, {'segment': 'Overseas', 'period': 'CurrentYearDuration', 'net_sales': '198147000000', 'operating_income': '8607000000', 'revenues_from_external_customers': '165324000000', 'transactions_with_other_segments': '32823000000'}, {'segment': 'Trading', 'period': 'CurrentYearDuration', 'net_sales': '486420000000', 'operating_income': '5051000000', 'revenues_from_external_customers': '471231000000', 'transactions_with_other_segments': '15188000000'}, {'segment': 'FisheryAndAquaculture', 'period': 'CurrentYearDuration', 'net_sales': '50616000000', 'operating_income': '2332000000', 'revenues_from_external_customers': '38332000000', 'transactions_with_other_segments': '12283000000'}, {'segment': 'Reconcile', 'period': 'CurrentYearDuration', 'net_sales': '-71874000000', 'operating_income': '699000000', 'revenues_from_external_customers': None, 'transactions_with_other_segments': '-71874000000'}, {'segment': 'NotInclude', 'period': 'CurrentYearDuration', 'net_sales': '13457000000', 'operating_income': '758000000', 'revenues_from_external_customers': '13022000000', 'transactions_with_other_segments': '435000000'}, {'segment': 'Total', 'period': 'CurrentYearDuration', 'net_sales': '977237000000', 'operating_income': '23040000000', 'revenues_from_external_customers': '905797000000', 'transactions_with_other_segments': '71439000000'}, {'segment': 'Logistics', 'period': 'Prior1YearDuration', 'net_sales': '21438000000', 'operating_income': '1837000000', 'revenues_from_external_customers': '15511000000', 'transactions_with_other_segments': '5926000000'}, {'segment': 'Processed', 'period': 'Prior1YearDuration', 'net_sales': '215132000000', 'operating_income': '5163000000', 'revenues_from_external_customers': '210656000000', 'transactions_with_other_segments': '4476000000'}, {'segment': 'Overseas', 'period': 'Prior1YearDuration', 'net_sales': '185252000000', 'operating_income': '7998000000', 'revenues_from_external_customers': '146230000000', 'transactions_with_other_segments': '39021000000'}, {'segment': 'Trading', 'period': 'Prior1YearDuration', 'net_sales': '466630000000', 'operating_income': '7586000000', 'revenues_from_external_customers': '452157000000', 'transactions_with_other_segments': '14472000000'}, {'segment': 'FisheryAndAquaculture', 'period': 'Prior1YearDuration', 'net_sales': '48016000000', 'operating_income': '2074000000', 'revenues_from_external_customers': '36171000000', 'transactions_with_other_segments': '11844000000'}, {'segment': 'Reconcile', 'period': 'Prior1YearDuration', 'net_sales': '-76170000000', 'operating_income': '454000000', 'revenues_from_external_customers': None, 'transactions_with_other_segments': '-76170000000'}, {'segment': 'NotInclude', 'period': 'Prior1YearDuration', 'net_sales': '12995000000', 'operating_income': '1193000000', 'revenues_from_external_customers': '12567000000', 'transactions_with_other_segments': '428000000'}, {'segment': 'Total', 'period': 'Prior1YearDuration', 'net_sales': '936470000000', 'operating_income': '24659000000', 'revenues_from_external_customers': '860728000000', 'transactions_with_other_segments': '75742000000'}]}",17818000000.0,,2017.0,4.0,2018-06-27 13:40:00+00:00
8,マルハニチロ株式会社,代表取締役社長  伊藤  滋,東京都江東区豊洲三丁目２番20号,2018-06-30T00:00:00.000Z,2018-08-07T09:12:00.000Z,2018-08-07T09:12:00.000Z,2018-08-06T15:00:00.000Z,【E00015】マルハニチロ株式会社 四半期報告書－第75期第1四半期(平成30年4月1日－平成30年6月30日),【13330】マルハニチロ株式会社 平成31年３月期 第１四半期決算短信〔日本基準〕（連結） ,Japan GAAP,52629270.0,52656910.0,27640.0,526675000000.0,304512000000.0,14122000000.0,120701000000.0,120701000000.0,,,,160474000000.0,160474000000.0,,,,,-396000000.0,222163000000.0,137328000000.0,,,48193000000.0,,21504000000.0,8818000000.0,63330000000.0,,,-4468000000.0,,387969000000.0,273415000000.0,226678000000.0,41664000000.0,41664000000.0,,,,140663000000.0,,,,,,,,,161290000000.0,,,,,132752000000.0,,,138706000000.0,109329000000.0,20000000000.0,39689000000.0,49701000000.0,-60000000.0,5497000000.0,23879000000.0,224003000000.0,193151000000.0,30851000000.0,13.772583402900853,25671000000.0,5180000000.0,2.3124690294326413,2297000000.0,,,506000000.0,416000000.0,570000000.0,420000000.0,,6906000000.0,130000000.0,,111000000.0,72000000.0,,,25000000.0,6964000000.0,2145000000.0,30.801263641585297,4819000000.0,536000000.0,4282000000.0,1.911581541318643,,6964000000.0,,,,,,,,,,,,,,,,,,,,,,,,,,,,,0.0,920000000000.0,25000000000.0,27000000000.0,17000000000.0,,317.2189163938622,2181.8087159483684,25000000000.0,5180000000.0,14.539263413657066,14.531670249897726,1.7514938054777613,4.586682574655787,3.1698865524279682,3.6405128759897174,1.8333412873278931,0.0,11.460114373468212,0.0,0.0,8.108108108108109,12.333333333333334,24.348152173913043,20.72,25.188235294117646,310.7087851501989,382.6254826254826,297.01074264362444,2.6813499786395787,0.18370718550670592,47.75869190042365,73.34296246766289,19.04209521949167,239511000000.0,102.05955914859487,6.717260864499592,51.91341909147007,3.5567412636535902,1689.1023660962499,259293000000.0,279.58505685830823,2.3811037473764882,134.33681257113614,15.531176999101527,114827000000.0,21.802249964399298,4224000000.0,,,,"{'segments': [{'name': 'Logistics', 'type': 'Segment'}, {'name': 'Processed', 'type': 'Segment'}, {'name': 'Overseas', 'type': 'Segment'}, {'name': 'Trading', 'type': 'Segment'}, {'name': 'FisheryAndAquaculture', 'type': 'Segment'}, {'name': 'Reconcile', 'type': 'Reconcile'}, {'name': 'NotInclude', 'type': 'NotInclude'}, {'name': 'Total', 'type': 'Total'}], 'periods': [{'name': 'Prior1YTDDuration', 'start_date': '2017-04-01', 'end_date': '2017-06-30'}, {'name': 'CurrentYTDDuration', 'start_date': '2018-04-01', 'end_date': '2018-06-30'}], 'values': [{'segment': 'Logistics', 'period': 'Prior1YTDDuration', 'net_sales': '5428000000', 'operating_income': '362000000', 'revenues_from_external_customers': '3886000000', 'transactions_with_other_segments': '1541000000'}, {'segment': 'Processed', 'period': 'Prior1YTDDuration', 'net_sales': '59433000000', 'operating_income': '1898000000', 'revenues_from_external_customers': '58078000000', 'transactions_with_other_segments': '1355000000'}, {'segment': 'Overseas', 'period': 'Prior1YTDDuration', 'net_sales': '49023000000', 'operating_income': '2384000000', 'revenues_from_external_customers': '41159000000', 'transactions_with_other_segments': '7863000000'}, {'segment': 'Trading', 'period': 'Prior1YTDDuration', 'net_sales': '110858000000', 'operating_income': '1737000000', 'revenues_from_external_customers': '106136000000', 'transactions_with_other_segments': '4722000000'}, {'segment': 'FisheryAndAquaculture', 'period': 'Prior1YTDDuration', 'net_sales': '12128000000', 'operating_income': '931000000', 'revenues_from_external_customers': '9161000000', 'transactions_with_other_segments': '2967000000'}, {'segment': 'Reconcile', 'period': 'Prior1YTDDuration', 'net_sales': '-18534000000', 'operating_income': '6000000', 'revenues_from_external_customers': None, 'transactions_with_other_segments': '-18534000000'}, {'segment': 'NotInclude', 'period': 'Prior1YTDDuration', 'net_sales': '3136000000', 'operating_income': '284000000', 'revenues_from_external_customers': '3052000000', 'transactions_with_other_segments': '84000000'}, {'segment': 'Total', 'period': 'Prior1YTDDuration', 'net_sales': '236872000000', 'operating_income': '7314000000', 'revenues_from_external_customers': '218422000000', 'transactions_with_other_segments': '18450000000'}, {'segment': 'Logistics', 'period': 'CurrentYTDDuration', 'net_sales': '5711000000', 'operating_income': '389000000', 'revenues_from_external_customers': '4174000000', 'transactions_with_other_segments': '1537000000'}, {'segment': 'Processed', 'period': 'CurrentYTDDuration', 'net_sales': '59323000000', 'operating_income': '1547000000', 'revenues_from_external_customers': '57872000000', 'transactions_with_other_segments': '1450000000'}, {'segment': 'Overseas', 'period': 'CurrentYTDDuration', 'net_sales': '49026000000', 'operating_income': '1070000000', 'revenues_from_external_customers': '41536000000', 'transactions_with_other_segments': '7489000000'}, {'segment': 'Trading', 'period': 'CurrentYTDDuration', 'net_sales': '113520000000', 'operating_income': '796000000', 'revenues_from_external_customers': '107929000000', 'transactions_with_other_segments': '5590000000'}, {'segment': 'Reconcile', 'period': 'CurrentYTDDuration', 'net_sales': '-19323000000', 'operating_income': '488000000', 'revenues_from_external_customers': None, 'transactions_with_other_segments': '-19323000000'}, {'segment': 'NotInclude', 'period': 'CurrentYTDDuration', 'net_sales': '4053000000', 'operating_income': '325000000', 'revenues_from_external_customers': '3901000000', 'transactions_with_other_segments': '151000000'}, {'segment': 'Total', 'period': 'CurrentYTDDuration', 'net_sales': '239273000000', 'operating_income': '4366000000', 'revenues_from_external_customers': '220101000000', 'transactions_with_other_segments': '19172000000'}, {'segment': 'FisheryAndAquaculture', 'period': 'CurrentYTDDuration', 'net_sales': '11691000000', 'operating_income': '561000000', 'revenues_from_external_customers': '8587000000', 'transactions_with_other_segments': '3103000000'}]}",,,2018.0,1.0,2018-08-07 09:12:00+00:00
9,マルハニチロ株式会社,代表取締役社長  伊藤  滋,東京都江東区豊洲三丁目２番20号,2018-09-30T00:00:00.000Z,2018-11-12T09:15:00.000Z,2018-11-12T09:15:00.000Z,2018-11-05T15:00:00.000Z,【E00015】マルハニチロ株式会社 四半期報告書－第75期第2四半期(平成30年7月1日－平成30年9月30日),【13330】マルハニチロ株式会社 平成31年３月期 第２四半期決算短信〔日本基準〕（連結） ,Japan GAAP,52627558.0,52656910.0,29352.0,541384000000.0,319185000000.0,12845000000.0,125409000000.0,125409000000.0,,,,166074000000.0,123025000000.0,19692000000.0,23357000000.0,,,-396000000.0,222199000000.0,138060000000.0,,,48136000000.0,,21165000000.0,8574000000.0,62972000000.0,,,-4380000000.0,,397378000000.0,281442000000.0,229964000000.0,41263000000.0,41263000000.0,,,,143051000000.0,,,,,,,,,167413000000.0,,,,,138391000000.0,,,144006000000.0,113810000000.0,20000000000.0,39697000000.0,54180000000.0,-67000000.0,6655000000.0,23539000000.0,448549000000.0,387383000000.0,61166000000.0,13.636414304791673,50950000000.0,10215000000.0,2.2773431665213835,2909000000.0,,,610000000.0,,1227000000.0,862000000.0,,11897000000.0,2605000000.0,,,707000000.0,,,331000000.0,13795000000.0,4320000000.0,31.31569409206234,9475000000.0,713000000.0,8761000000.0,1.953186831316088,-8723000000.0,13795000000.0,7272000000.0,503000000.0,-10430000000.0,-15221000000.0,4873000000.0,-4934000000.0,-8463000000.0,192000000.0,,,,,,,-24000000.0,530000000.0,,,11422000000.0,15266000000.0,23545000000.0,-22844000000.0,,,-10000000.0,0.0,-2094000000.0,-118000000.0,-260000000.0,920000000000.0,25000000000.0,27000000000.0,17000000000.0,,317.2292356791474,2289.0478786798353,32775000000.0,17990000000.0,13.858567076460773,13.850863656727562,1.703907023480561,4.494044012053093,3.0837630960649003,3.516716470643852,1.7474514348327759,-1.9447150701484117,11.35884819718693,11.888957917797468,0.0,8.438570729319627,11.850348027842227,48.75532608695652,40.86,51.53529411764706,105.10579669110842,144.73813020068528,94.041776052962,2.37262275944616,0.16709522715151096,49.621542427488,75.9023838681322,18.858822365636637,250220000000.0,106.66510392998357,6.681645661306678,51.985651589260115,3.661161145969291,1738.6915425959103,268597000000.0,275.81712048753064,2.336258062373928,138.79781183141708,16.088469601677147,120467000000.0,22.25167348868825,15586000000.0,,,,"{'segments': [{'name': 'Reconcile', 'type': 'Reconcile'}, {'name': 'NotInclude', 'type': 'NotInclude'}, {'name': 'Total', 'type': 'Total'}, {'name': 'Logistics', 'type': 'Segment'}, {'name': 'Processed', 'type': 'Segment'}, {'name': 'Overseas', 'type': 'Segment'}, {'name': 'Trading', 'type': 'Segment'}, {'name': 'FisheryAndAquaculture', 'type': 'Segment'}], 'periods': [{'name': 'Prior1YTDDuration', 'start_date': '2017-04-01', 'end_date': '2017-09-30'}, {'name': 'CurrentYTDDuration', 'start_date': '2018-04-01', 'end_date': '2018-09-30'}], 'values': [{'segment': 'Reconcile', 'period': 'Prior1YTDDuration', 'net_sales': '-39239000000', 'operating_income': '426000000', 'revenues_from_external_customers': None, 'transactions_with_other_segments': '-39239000000'}, {'segment': 'NotInclude', 'period': 'Prior1YTDDuration', 'net_sales': '6617000000', 'operating_income': '624000000', 'revenues_from_external_customers': '6384000000', 'transactions_with_other_segments': '233000000'}, {'segment': 'Total', 'period': 'Prior1YTDDuration', 'net_sales': '479392000000', 'operating_income': '11911000000', 'revenues_from_external_customers': '440387000000', 'transactions_with_other_segments': '39005000000'}, {'segment': 'Logistics', 'period': 'Prior1YTDDuration', 'net_sales': '10920000000', 'operating_income': '809000000', 'revenues_from_external_customers': '7849000000', 'transactions_with_other_segments': '3070000000'}, {'segment': 'Processed', 'period': 'Prior1YTDDuration', 'net_sales': '119339000000', 'operating_income': '3293000000', 'revenues_from_external_customers': '116401000000', 'transactions_with_other_segments': '2938000000'}, {'segment': 'Overseas', 'period': 'Prior1YTDDuration', 'net_sales': '94512000000', 'operating_income': '3466000000', 'revenues_from_external_customers': '78993000000', 'transactions_with_other_segments': '15519000000'}, {'segment': 'Trading', 'period': 'Prior1YTDDuration', 'net_sales': '228766000000', 'operating_income': '3072000000', 'revenues_from_external_customers': '217334000000', 'transactions_with_other_segments': '11432000000'}, {'segment': 'FisheryAndAquaculture', 'period': 'Prior1YTDDuration', 'net_sales': '25854000000', 'operating_income': '1269000000', 'revenues_from_external_customers': '19809000000', 'transactions_with_other_segments': '6044000000'}, {'segment': 'Reconcile', 'period': 'CurrentYTDDuration', 'net_sales': '-36900000000', 'operating_income': '492000000', 'revenues_from_external_customers': None, 'transactions_with_other_segments': '-36900000000'}, {'segment': 'NotInclude', 'period': 'CurrentYTDDuration', 'net_sales': '7529000000', 'operating_income': '626000000', 'revenues_from_external_customers': '7295000000', 'transactions_with_other_segments': '233000000'}, {'segment': 'Total', 'period': 'CurrentYTDDuration', 'net_sales': '477921000000', 'operating_income': '9096000000', 'revenues_from_external_customers': '441253000000', 'transactions_with_other_segments': '36667000000'}, {'segment': 'Processed', 'period': 'CurrentYTDDuration', 'net_sales': '119998000000', 'operating_income': '3080000000', 'revenues_from_external_customers': '117177000000', 'transactions_with_other_segments': '2820000000'}, {'segment': 'Overseas', 'period': 'CurrentYTDDuration', 'net_sales': '96481000000', 'operating_income': '2776000000', 'revenues_from_external_customers': '83228000000', 'transactions_with_other_segments': '13252000000'}, {'segment': 'Trading', 'period': 'CurrentYTDDuration', 'net_sales': '227134000000', 'operating_income': '1708000000', 'revenues_from_external_customers': '215817000000', 'transactions_with_other_segments': '11317000000'}, {'segment': 'FisheryAndAquaculture', 'period': 'CurrentYTDDuration', 'net_sales': '23022000000', 'operating_income': '739000000', 'revenues_from_external_customers': '16789000000', 'transactions_with_other_segments': '6232000000'}, {'segment': 'Logistics', 'period': 'CurrentYTDDuration', 'net_sales': '11284000000', 'operating_income': '791000000', 'revenues_from_external_customers': '8240000000', 'transactions_with_other_segments': '3043000000'}]}",,,2018.0,2.0,2018-11-12 09:15:00+00:00
10,マルハニチロ株式会社,代表取締役社長  伊藤  滋,東京都江東区豊洲三丁目２番20号,2018-12-31T00:00:00.000Z,2019-02-12T10:24:00.000Z,2019-02-12T10:24:00.000Z,2019-02-04T15:00:00.000Z,【E00015】マルハニチロ株式会社 四半期報告書－第75期第3四半期(平成30年10月1日－平成30年12月31日),【13330】マルハニチロ株式会社 平成31年３月期 第３四半期決算短信〔日本基準〕（連結） ,Japan GAAP,52626544.0,52656910.0,30366.0,569308000000.0,349339000000.0,14110000000.0,152509000000.0,152509000000.0,,,,170974000000.0,170974000000.0,,,,,-501000000.0,219969000000.0,139042000000.0,,,48178000000.0,,20886000000.0,8337000000.0,60039000000.0,,,-4288000000.0,,416691000000.0,294431000000.0,249673000000.0,49244000000.0,49244000000.0,,,,156545000000.0,,,,,,,,,167017000000.0,,,,,137886000000.0,,,152616000000.0,122329000000.0,20000000000.0,39697000000.0,62703000000.0,-71000000.0,4881000000.0,25405000000.0,715159000000.0,617804000000.0,97354000000.0,13.612916847861804,77307000000.0,20046000000.0,2.8030130362618664,5242000000.0,,,926000000.0,1295000000.0,1810000000.0,1316000000.0,,23478000000.0,4648000000.0,,,980000000.0,,,331000000.0,27146000000.0,7919000000.0,29.171885360642452,19227000000.0,1941000000.0,17285000000.0,2.4169450429904398,,27146000000.0,,,,,,,,,,,,,,,,,,,,,,,,,,,,,0.0,920000000000.0,25000000000.0,27000000000.0,17000000000.0,,317.2353480023313,2417.240242870594,25000000000.0,20046000000.0,13.123865074561161,13.116544366053331,1.6203320522458844,4.475304808546431,2.932507535464107,3.352132852040356,1.6547796652805182,0.0,10.809763982554928,0.0,0.0,6.5649007283248535,15.232522796352583,77.73467391304348,80.184,101.67647058823529,28.642721408805592,24.713159732614987,-1.6488284639861184,2.4784475187420516,0.18355108253077615,60.344407610887316,78.14187759354284,22.506454900841202,274239000000.0,115.97983030358894,6.63445577595259,51.71734807872013,3.83012960883196,1818.9349477976155,280321000000.0,272.90535540026326,2.314508965419657,139.91861354651886,16.790715783168615,127211000000.0,22.34484672620093,13617000000.0,,,,"{'segments': [{'name': 'Reconcile', 'type': 'Reconcile'}, {'name': 'NotInclude', 'type': 'NotInclude'}, {'name': 'Total', 'type': 'Total'}, {'name': 'Logistics', 'type': 'Segment'}, {'name': 'Processed', 'type': 'Segment'}, {'name': 'Overseas', 'type': 'Segment'}, {'name': 'Trading', 'type': 'Segment'}, {'name': 'FisheryAndAquaculture', 'type': 'Segment'}], 'periods': [{'name': 'CurrentYTDDuration', 'start_date': '2018-04-01', 'end_date': '2018-12-31'}, {'name': 'Prior1YTDDuration', 'start_date': '2017-04-01', 'end_date': '2017-12-31'}], 'values': [{'segment': 'Reconcile', 'period': 'CurrentYTDDuration', 'net_sales': '-58675000000', 'operating_income': '588000000', 'revenues_from_external_customers': None, 'transactions_with_other_segments': '-58675000000'}, {'segment': 'NotInclude', 'period': 'CurrentYTDDuration', 'net_sales': '11566000000', 'operating_income': '1058000000', 'revenues_from_external_customers': '11198000000', 'transactions_with_other_segments': '368000000'}, {'segment': 'Total', 'period': 'CurrentYTDDuration', 'net_sales': '762267000000', 'operating_income': '18398000000', 'revenues_from_external_customers': '703961000000', 'transactions_with_other_segments': '58306000000'}, {'segment': 'Reconcile', 'period': 'Prior1YTDDuration', 'net_sales': '-61653000000', 'operating_income': '841000000', 'revenues_from_external_customers': None, 'transactions_with_other_segments': '-61653000000'}, {'segment': 'NotInclude', 'period': 'Prior1YTDDuration', 'net_sales': '10306000000', 'operating_income': '876000000', 'revenues_from_external_customers': '9962000000', 'transactions_with_other_segments': '344000000'}, {'segment': 'Total', 'period': 'Prior1YTDDuration', 'net_sales': '759744000000', 'operating_income': '20273000000', 'revenues_from_external_customers': '698435000000', 'transactions_with_other_segments': '61308000000'}, {'segment': 'Logistics', 'period': 'Prior1YTDDuration', 'net_sales': '16786000000', 'operating_income': '1495000000', 'revenues_from_external_customers': '12097000000', 'transactions_with_other_segments': '4688000000'}, {'segment': 'Processed', 'period': 'Prior1YTDDuration', 'net_sales': '183198000000', 'operating_income': '5319000000', 'revenues_from_external_customers': '178440000000', 'transactions_with_other_segments': '4758000000'}, {'segment': 'Overseas', 'period': 'Prior1YTDDuration', 'net_sales': '149884000000', 'operating_income': '6089000000', 'revenues_from_external_customers': '125162000000', 'transactions_with_other_segments': '24721000000'}, {'segment': 'Trading', 'period': 'Prior1YTDDuration', 'net_sales': '370700000000', 'operating_income': '5102000000', 'revenues_from_external_customers': '353300000000', 'transactions_with_other_segments': '17399000000'}, {'segment': 'FisheryAndAquaculture', 'period': 'Prior1YTDDuration', 'net_sales': '39175000000', 'operating_income': '2267000000', 'revenues_from_external_customers': '29433000000', 'transactions_with_other_segments': '9741000000'}, {'segment': 'Logistics', 'period': 'CurrentYTDDuration', 'net_sales': '17261000000', 'operating_income': '1528000000', 'revenues_from_external_customers': '12496000000', 'transactions_with_other_segments': '4765000000'}, {'segment': 'Processed', 'period': 'CurrentYTDDuration', 'net_sales': '185103000000', 'operating_income': '5882000000', 'revenues_from_external_customers': '180684000000', 'transactions_with_other_segments': '4419000000'}, {'segment': 'Overseas', 'period': 'CurrentYTDDuration', 'net_sales': '155551000000', 'operating_income': '6114000000', 'revenues_from_external_customers': '133908000000', 'transactions_with_other_segments': '21642000000'}, {'segment': 'Trading', 'period': 'CurrentYTDDuration', 'net_sales': '368023000000', 'operating_income': '3693000000', 'revenues_from_external_customers': '349977000000', 'transactions_with_other_segments': '18045000000'}, {'segment': 'FisheryAndAquaculture', 'period': 'CurrentYTDDuration', 'net_sales': '36327000000', 'operating_income': '1180000000', 'revenues_from_external_customers': '26894000000', 'transactions_with_other_segments': '9433000000'}]}",,,2018.0,3.0,2019-02-12 10:24:00+00:00
11,マルハニチロ株式会社,代表取締役社長  伊藤  滋,東京都江東区豊洲三丁目２番20号,2019-03-31T00:00:00.000Z,2019-06-26T13:43:00.000Z,2019-06-26T13:43:00.000Z,2019-05-13T15:00:00.000Z,【E00015】マルハニチロ株式会社 有価証券報告書－第75期(平成30年4月1日－平成31年3月31日),【13330】マルハニチロ株式会社 平成31年３月期 決算短信〔日本基準〕（連結） ,Japan GAAP,52626382.0,52656910.0,30528.0,520318000000.0,299359000000.0,12132000000.0,114040000000.0,114040000000.0,,,,163521000000.0,117337000000.0,18880000000.0,27304000000.0,,,-420000000.0,220958000000.0,140351000000.0,47730000000.0,33939000000.0,47723000000.0,7669000000.0,20454000000.0,8060000000.0,60152000000.0,37918000000.0,7460000000.0,-3512000000.0,,369938000000.0,263407000000.0,203792000000.0,33512000000.0,33512000000.0,,,,126186000000.0,,,,,,,,3733000000.0,166145000000.0,,,,,137221000000.0,,,150379000000.0,121739000000.0,20000000000.0,39697000000.0,62113000000.0,-72000000.0,3614000000.0,25025000000.0,922468000000.0,798618000000.0,123849000000.0,13.425831573561359,102091000000.0,21758000000.0,2.3586726043613435,5871000000.0,,,959000000.0,1243000000.0,2397000000.0,1752000000.0,,25233000000.0,4704000000.0,44000000.0,748000000.0,3391000000.0,,,673000000.0,26547000000.0,7624000000.0,28.718875955851885,18922000000.0,2226000000.0,16695000000.0,1.8098188771859838,16187000000.0,26547000000.0,14930000000.0,1006000000.0,1041000000.0,-12589000000.0,-2876000000.0,-11854000000.0,-17425000000.0,350000000.0,,,,,,,-275000000.0,1088000000.0,,,-7863000000.0,-4180000000.0,36657000000.0,-34474000000.0,,,-15000000.0,0.0,-2098000000.0,-80000000.0,33612000000.0,940000000000.0,25500000000.0,26500000000.0,17000000000.0,40.0,317.2363245491586,2381.9611996127724,41436000000.0,37694000000.0,13.318282623609937,13.310637347918295,1.7728927309837446,4.150788965649281,3.2086147317601927,3.635652753233992,1.6792884790273945,1.7547492162329752,11.067158969200015,12.055002462676324,0.0,8.05221068112878,12.418949771689498,98.13489361702128,85.32549019607843,98.20588235294117,1.900553731945176,17.198271899990814,1.826894279724467,2.33165102879393,0.15782010866501603,45.12308286032686,74.73556193323967,15.316308923665632,244049000000.0,104.5423358699009,6.572578748993594,50.62423364173447,3.4265513817281468,1627.2749737443628,251275000000.0,245.88603598513802,2.101305103945626,146.89438250765488,15.050913447139862,125354000000.0,24.091805395930947,-805000000.0,11276.0,81808087.97445902,1929584.959205392,"{'segments': [{'name': 'Total', 'type': 'Total'}, {'name': 'FisheryAndAquaculture', 'type': 'Segment'}, {'name': 'Trading', 'type': 'Segment'}, {'name': 'Overseas', 'type': 'Segment'}, {'name': 'Processed', 'type': 'Segment'}, {'name': 'Logistics', 'type': 'Segment'}, {'name': 'Reconcile', 'type': 'Reconcile'}, {'name': 'NotInclude', 'type': 'NotInclude'}], 'periods': [{'name': 'CurrentYearInstant', 'instant': '2019-03-31'}, {'name': 'Prior1YearInstant', 'instant': '2018-03-31'}, {'name': 'Prior1YearDuration', 'start_date': '2017-04-01', 'end_date': '2018-03-31'}, {'name': 'CurrentYearDuration', 'start_date': '2018-04-01', 'end_date': '2019-03-31'}], 'values': [{'segment': 'Logistics', 'period': 'Prior1YearDuration', 'net_sales': '22069000000', 'operating_income': '1870000000', 'revenues_from_external_customers': '15969000000', 'transactions_with_other_segments': '6099000000'}, {'segment': 'Reconcile', 'period': 'Prior1YearDuration', 'net_sales': '-78246000000', 'operating_income': '699000000', 'revenues_from_external_customers': None, 'transactions_with_other_segments': '-78246000000'}, {'segment': 'NotInclude', 'period': 'Prior1YearDuration', 'net_sales': '13457000000', 'operating_income': '758000000', 'revenues_from_external_customers': '13022000000', 'transactions_with_other_segments': '435000000'}, {'segment': 'Total', 'period': 'Prior1YearDuration', 'net_sales': '983609000000', 'operating_income': '23040000000', 'revenues_from_external_customers': '905797000000', 'transactions_with_other_segments': '77811000000'}, {'segment': 'Reconcile', 'period': 'CurrentYearDuration', 'net_sales': '-73221000000', 'operating_income': '445000000', 'revenues_from_external_customers': None, 'transactions_with_other_segments': '-73221000000'}, {'segment': 'NotInclude', 'period': 'CurrentYearDuration', 'net_sales': '14623000000', 'operating_income': '1081000000', 'revenues_from_external_customers': '14179000000', 'transactions_with_other_segments': '444000000'}, {'segment': 'Total', 'period': 'CurrentYearDuration', 'net_sales': '981066000000', 'operating_income': '20232000000', 'revenues_from_external_customers': '908289000000', 'transactions_with_other_segments': '72777000000'}, {'segment': 'Processed', 'period': 'Prior1YearDuration', 'net_sales': '238699000000', 'operating_income': '5309000000', 'revenues_from_external_customers': '232597000000', 'transactions_with_other_segments': '6102000000'}, {'segment': 'Overseas', 'period': 'Prior1YearDuration', 'net_sales': '200635000000', 'operating_income': '8765000000', 'revenues_from_external_customers': '169413000000', 'transactions_with_other_segments': '31222000000'}, {'segment': 'Trading', 'period': 'Prior1YearDuration', 'net_sales': '471587000000', 'operating_income': '4761000000', 'revenues_from_external_customers': '449484000000', 'transactions_with_other_segments': '22103000000'}, {'segment': 'FisheryAndAquaculture', 'period': 'Prior1YearDuration', 'net_sales': '50616000000', 'operating_income': '2332000000', 'revenues_from_external_customers': '38332000000', 'transactions_with_other_segments': '12283000000'}, {'segment': 'Logistics', 'period': 'CurrentYearDuration', 'net_sales': '22543000000', 'operating_income': '1878000000', 'revenues_from_external_customers': '16348000000', 'transactions_with_other_segments': '6194000000'}, {'segment': 'Processed', 'period': 'CurrentYearDuration', 'net_sales': '241130000000', 'operating_income': '6308000000', 'revenues_from_external_customers': '235490000000', 'transactions_with_other_segments': '5639000000'}, {'segment': 'Overseas', 'period': 'CurrentYearDuration', 'net_sales': '202545000000', 'operating_income': '7238000000', 'revenues_from_external_customers': '175884000000', 'transactions_with_other_segments': '26660000000'}, {'segment': 'Trading', 'period': 'CurrentYearDuration', 'net_sales': '467715000000', 'operating_income': '3280000000', 'revenues_from_external_customers': '445094000000', 'transactions_with_other_segments': '22621000000'}, {'segment': 'FisheryAndAquaculture', 'period': 'CurrentYearDuration', 'net_sales': '47130000000', 'operating_income': '1526000000', 'revenues_from_external_customers': '35469000000', 'transactions_with_other_segments': '11660000000'}]}",20108000000.0,,2018.0,4.0,2019-06-26 13:43:00+00:00
