,company_name,ceo_name,headquarters_address,end_date,updated_date,edinet_updated_date,tdnet_updated_date,edinet_title,tdnet_title,accounting_standard,num_of_shares,issued_share_num,treasury_stock_num,assets,current_assets,cash_and_deposits,trade_receivables,notes_accounts_receivable,notes_receivable,accounts_receivable,current_securities,inventories,merchandise,work_in_process,raw_materials_and_supplies,prepaid_expenses,current_dta,current_allowance_doubtful_accounts,non_current_assets,tangible_fixed_assets,buildings,machineries,land,construction_in_progress,intangible_assets,good_will,investments_and_other_assets,investment_securities,non_current_dta,non_current_allowance_doubtful_accounts,lease_and_guarantee_deposits,liabilities,debt,current_liabilities,trade_payables,notes_accounts_payable,accounts_payable,notes_payable,short_term_bonds_payable,short_term_loans_payable,commercial_papers_liabilities,current_lease_obligations,current_portion_of_long_term_loans,current_portion_of_bonds,current_portion_of_convertible_bonds,current_portion_of_bonds_with_subscription_rights,advances_received,corporate_tax_payable,non_current_liabilities,bonds_payable,convertible_bonds,convertible_bond_type_bonds_with_subscription_rights,non_current_bonds_with_subscription_right,long_term_loans_payable,non_current_lease_obligations,non_current_dtl,net_assets,shareholders_equity,capital_stock,additional_capital_stock,retained_earnings,treasury_stock,valuation_and_translation_adjustments,non_controlling_interests,net_sales,cost_of_sales,gross_profit,gross_margin,sga,operating_income,operating_margin,non_operating_income,interest_and_dividends_income,interest_income,dividends_income,equity_method_income,non_operating_expenses,interest_expense,equity_method_loss,ordinary_income,extraordinary_income,gain_of_sales_non_current_assets,gain_of_sales_investment_securities,extraordinary_loss,loss_of_sales_non_current_assets,loss_of_valuation_investment_securities,impairment_loss,income_before_income_taxes,income_taxes,real_corporate_tax_rate,net_income,non_controling_interests,profit_loss_attributable_to_owners_of_parent,net_profit_margin,operating_cash_flow,income_before_taxes,depreciation,amortization,decrease_trade_receivables_op_cf,decrease_inventories_op_cf,increase_trade_payables_op_cf,investment_cash_flow,purchase_of_property,sale_of_property,purchase_of_intangible_assets,sale_of_intangible_assets,purchase_of_non_current_assets,sale_of_non_current_assets,purchase_of_securities,sale_of_securities,purchase_of_investment_securities,sale_of_investment_securities,lending,return_of_lending,financial_cash_flow,net_short_term_debt,long_term_debt_issuance,long_term_debt_repayment,bonds_issuance,bonds_repayment,share_repurchase,share_sales,dividend_payment,cash_translation_difference,free_cash_flow,ex_net_sales,ex_operating_income,ex_ordinary_income,ex_net_income,dividend,eps_actual,bps,ebitda_forecast,ebitda_actual,roe,real_roe,total_asset_turnover,financial_leverage,roa,roic,doe,net_sales_operating_cash_flow_ratio,sga_ratio,depreciation_gross_profit_ratio,r_and_d_ratio,interest_op_income_ratio,interest_coverage_ratio,net_sales_progress,operating_income_progress,net_income_progress,net_sales_growth_rate_forecast,operating_income_growth_rate_forecast,net_income_growth_rate_forecast,cash_assets_ratio,cash_monthly_sales_ratio,accounts_receivable_turnover,inventory_turnover,trade_payable_turnover,working_capital,ccc,tangible_fixed_assets_turnover,debt_assets_ratio,debt_monthly_sales_ratio,operating_cash_flow_debt_ratio,net_debt,adjusted_debt_ratio,de_ratio,current_ratio,net_debt_net_income_ratio,equity,equity_ratio,accrual,employee_num,net_sales_per_employee,operating_income_per_employee,segment_member,increase_in_properties,r_and_d_expenses,fiscal_year,fiscal_quarter,to_datetime
0,カネコ種苗株式会社,代表取締役社長　　金子　昌彦,群馬県前橋市古市町一丁目50番地12,2019-08-31T00:00:00.000Z,2019-10-09T13:05:00.000Z,2019-10-09T13:05:00.000Z,2019-10-02T15:00:00.000Z,【E00004】カネコ種苗株式会社 四半期報告書－第73期第1四半期(令和1年6月1日－令和1年8月31日),【13760】カネコ種苗株式会社 2020年５月期　第１四半期決算短信［日本基準］（連結）,Japan GAAP,11739289.0,11772626.0,33337.0,40214216000.0,30910134000.0,2200521000.0,19206992000.0,19206992000.0,,,,7292604000.0,7292604000.0,,,,,-19095000.0,9304082000.0,6550615000.0,,,4220872000.0,,79905000.0,,2673561000.0,,,-9251000.0,,20600643000.0,2829933000.0,18888130000.0,14898182000.0,14898182000.0,,,,2829933000.0,,,,,,,,121899000.0,1712512000.0,,,,,,,,19613573000.0,19060869000.0,1491267000.0,1765224000.0,15828709000.0,-24331000.0,552522000.0,181000.0,13490439000.0,11327635000.0,2162803000.0,16.03211726467908,1887167000.0,275635000.0,2.043187771724849,53179000.0,,,18689000.0,,9395000.0,5158000.0,,319419000.0,4365000.0,4365000.0,,1550000.0,,,,322234000.0,104763000.0,32.511466822247186,217470000.0,17000.0,217453000.0,1.6119045495850803,,322234000.0,,,,,,,,,,,,,,,,,,,,,,,,,,,,,0.0,59500000000.0,1800000000.0,1900000000.0,1350000000.0,,95.6180565961022,1670.7478621575804,1800000000.0,275635000.0,5.7230692171960875,5.715978374885927,1.446727197168285,2.050344784828652,2.7912716239451245,4.387861424276483,1.675896203981443,0.0,13.988922080297018,0.0,0.0,1.871315326428066,53.438348196975575,22.673006722689074,15.313055555555556,16.10762962962963,341.0531043504218,553.0375315181309,520.8238102026645,5.47199776317907,0.45387944103542516,120.4997005792468,54.26982992289233,110.86873814899258,11601414000.0,63.90079235314656,8.881456168619282,7.037145769545774,0.5837019543134121,480.0646321396461,629412000.0,104.9024529298035,0.14428575128667187,163.64846069992106,0.5607293797350172,19613392000.0,48.77228490541753,214638000.0,,,,"{'segments': [{'name': 'SeedsAndSeedlings', 'type': 'Segment'}, {'name': 'FloricultureAndHomeGarden', 'type': 'Segment'}, {'name': 'CropProtection', 'type': 'Segment'}, {'name': 'AgriculturalMaterialsAndFacilities', 'type': 'Segment'}], 'periods': [{'name': 'Prior1YTDDuration', 'start_date': '2018-06-01', 'end_date': '2018-08-31'}, {'name': 'CurrentYTDDuration', 'start_date': '2019-06-01', 'end_date': '2019-08-31'}], 'values': [{'segment': 'SeedsAndSeedlings', 'period': 'Prior1YTDDuration', 'net_sales': '2031500000', 'operating_income': '410556000', 'revenues_from_external_customers': '2016740000', 'transactions_with_other_segments': '14759000'}, {'segment': 'FloricultureAndHomeGarden', 'period': 'Prior1YTDDuration', 'net_sales': '1491554000', 'operating_income': '-77213000', 'revenues_from_external_customers': '1491047000', 'transactions_with_other_segments': '507000'}, {'segment': 'CropProtection', 'period': 'Prior1YTDDuration', 'net_sales': '6831152000', 'operating_income': '117002000', 'revenues_from_external_customers': '6831152000', 'transactions_with_other_segments': None}, {'segment': 'AgriculturalMaterialsAndFacilities', 'period': 'Prior1YTDDuration', 'net_sales': '3260967000', 'operating_income': '63062000', 'revenues_from_external_customers': '3259402000', 'transactions_with_other_segments': '1564000'}, {'segment': 'AgriculturalMaterialsAndFacilities', 'period': 'CurrentYTDDuration', 'net_sales': '3164003000', 'operating_income': '51184000', 'revenues_from_external_customers': '3163630000', 'transactions_with_other_segments': '373000'}, {'segment': 'CropProtection', 'period': 'CurrentYTDDuration', 'net_sales': '6894753000', 'operating_income': '169773000', 'revenues_from_external_customers': '6894746000', 'transactions_with_other_segments': '6000'}, {'segment': 'FloricultureAndHomeGarden', 'period': 'CurrentYTDDuration', 'net_sales': '1452115000', 'operating_income': '-71938000', 'revenues_from_external_customers': '1451549000', 'transactions_with_other_segments': '566000'}, {'segment': 'SeedsAndSeedlings', 'period': 'CurrentYTDDuration', 'net_sales': '1994187000', 'operating_income': '316559000', 'revenues_from_external_customers': '1980512000', 'transactions_with_other_segments': '13674000'}]}",,,2019.0,1.0,2019-10-09 13:05:00+00:00
1,カネコ種苗株式会社,代表取締役社長　　金子　昌彦,群馬県前橋市古市町一丁目50番地12,2019-11-30T00:00:00.000Z,2020-01-10T13:04:00.000Z,2020-01-10T13:04:00.000Z,2020-01-06T15:00:00.000Z,【E00004】カネコ種苗株式会社 四半期報告書－第73期第2四半期(令和1年9月1日－令和1年11月30日),【13760】カネコ種苗株式会社 2020年５月期　第２四半期決算短信［日本基準］（連結）,Japan GAAP,11680831.0,11772626.0,91795.0,36507412000.0,27147429000.0,3080491000.0,15202527000.0,15202527000.0,,,,6981276000.0,6981276000.0,,,,,-15077000.0,9359983000.0,6521411000.0,,,4210675000.0,,90332000.0,,2748239000.0,,,-22245000.0,,16957895000.0,1558999000.0,15220377000.0,12413927000.0,12413927000.0,,,,1558999000.0,,,,,,,,99800000.0,1737518000.0,,,,,,,,19549517000.0,18913974000.0,1491267000.0,1765224000.0,15765330000.0,-107847000.0,635361000.0,181000.0,25106763000.0,21171333000.0,3935429000.0,15.674776553233883,3782802000.0,152627000.0,0.6079119000725024,76697000.0,,,19294000.0,,13584000.0,6791000.0,,215739000.0,42367000.0,42367000.0,,29050000.0,,,,229056000.0,74965000.0,32.727804554344786,154091000.0,17000.0,154073000.0,0.6136713044210439,-2914868000.0,229056000.0,114999000.0,,6472919000.0,1187608000.0,-10597445000.0,-165719000.0,-307124000.0,144016000.0,,,,,,,,,,,1255028000.0,1558999000.0,,,,,-81391000.0,,-196716000.0,-878000.0,-2607744000.0,59500000000.0,1800000000.0,1900000000.0,1350000000.0,,96.09658764860137,1673.625446682689,1914999000.0,267626000.0,5.741821614810856,5.710319734012752,1.593621591144286,1.8674502295116315,3.0746852173470964,4.66537033830475,1.6730147151800963,-11.609891725189742,15.066864653161382,2.922146480091497,0.0,4.449409344349296,22.474893241054335,42.19624033613445,8.479277777777778,11.412814814814816,136.98793826985977,1079.3457251993423,776.2080312579101,8.437987880378921,0.6353820450678079,95.37672278657247,51.95300076142487,92.38150144519035,9769876000.0,54.94822210280698,8.921228856761212,4.2703629608146425,0.32155911926983965,264.46572460940814,-1521492000.0,86.26739068371528,0.07974690291271273,178.36239535985212,-1.3554639336901597,19549336000.0,53.548950552835684,3055624000.0,,,,"{'segments': [{'name': 'SeedsAndSeedlings', 'type': 'Segment'}, {'name': 'FloricultureAndHomeGarden', 'type': 'Segment'}, {'name': 'CropProtection', 'type': 'Segment'}, {'name': 'AgriculturalMaterialsAndFacilities', 'type': 'Segment'}], 'periods': [{'name': 'Prior1YTDDuration', 'start_date': '2018-06-01', 'end_date': '2018-11-30'}, {'name': 'CurrentYTDDuration', 'start_date': '2019-06-01', 'end_date': '2019-11-30'}], 'values': [{'segment': 'SeedsAndSeedlings', 'period': 'Prior1YTDDuration', 'net_sales': '3632923000', 'operating_income': '471420000', 'revenues_from_external_customers': '3609951000', 'transactions_with_other_segments': '22971000'}, {'segment': 'FloricultureAndHomeGarden', 'period': 'Prior1YTDDuration', 'net_sales': '2997975000', 'operating_income': '-137591000', 'revenues_from_external_customers': '2997320000', 'transactions_with_other_segments': '655000'}, {'segment': 'CropProtection', 'period': 'Prior1YTDDuration', 'net_sales': '11149349000', 'operating_income': '117225000', 'revenues_from_external_customers': '11149349000', 'transactions_with_other_segments': None}, {'segment': 'AgriculturalMaterialsAndFacilities', 'period': 'Prior1YTDDuration', 'net_sales': '7386605000', 'operating_income': '251489000', 'revenues_from_external_customers': '7384593000', 'transactions_with_other_segments': '2011000'}, {'segment': 'AgriculturalMaterialsAndFacilities', 'period': 'CurrentYTDDuration', 'net_sales': '7107475000', 'operating_income': '211868000', 'revenues_from_external_customers': '7106617000', 'transactions_with_other_segments': '858000'}, {'segment': 'CropProtection', 'period': 'CurrentYTDDuration', 'net_sales': '11468304000', 'operating_income': '74366000', 'revenues_from_external_customers': '11468297000', 'transactions_with_other_segments': '6000'}, {'segment': 'FloricultureAndHomeGarden', 'period': 'CurrentYTDDuration', 'net_sales': '2935379000', 'operating_income': '-106637000', 'revenues_from_external_customers': '2934631000', 'transactions_with_other_segments': '748000'}, {'segment': 'SeedsAndSeedlings', 'period': 'CurrentYTDDuration', 'net_sales': '3616155000', 'operating_income': '356264000', 'revenues_from_external_customers': '3597217000', 'transactions_with_other_segments': '18937000'}]}",,,2019.0,2.0,2020-01-10 13:04:00+00:00
2,カネコ種苗株式会社,代表取締役社長　　金子　昌彦,群馬県前橋市古市町一丁目50番地12,2020-02-29T00:00:00.000Z,2020-04-09T13:01:00.000Z,2020-04-09T13:01:00.000Z,2020-04-02T15:00:00.000Z,【E00004】カネコ種苗株式会社 四半期報告書－第73期第3四半期(令和1年12月1日－令和2年2月29日),【13760】カネコ種苗株式会社 2020年５月期　第３四半期決算短信[日本基準](連結）,Japan GAAP,11666710.0,11772626.0,105916.0,38073235000.0,28821406000.0,3764830000.0,14746115000.0,14746115000.0,,,,9238726000.0,9238726000.0,,,,,-15048000.0,9251828000.0,6488674000.0,,,4210675000.0,,91838000.0,,2671315000.0,,,-23701000.0,,18551797000.0,899751000.0,16803887000.0,15102390000.0,15102390000.0,,,,899751000.0,,,,,,,,2834000.0,1747910000.0,,,,,,,,19521437000.0,18945218000.0,1491267000.0,1765224000.0,15818075000.0,-129347000.0,576040000.0,178000.0,36165667000.0,30178412000.0,5987254000.0,16.555076946320387,5596458000.0,390796000.0,1.0805718030860596,111964000.0,,,30260000.0,,19462000.0,9599000.0,,483298000.0,43186000.0,42412000.0,774000.0,29895000.0,,,,496590000.0,160626000.0,32.34579834471093,335963000.0,14000.0,335949000.0,0.9289169200169873,,496590000.0,,,,,,,,,,,,,,,,,,,,,,,,,,,,,0.0,58500000000.0,1500000000.0,1600000000.0,1100000000.0,,96.21289978065796,1673.2445565202186,1500000000.0,390796000.0,5.750079951298223,5.712230961223282,1.5280813411311123,1.9503473111032439,2.94823384458925,4.822396149847632,1.6733955530224764,0.0,15.474505143234326,0.0,0.0,2.4562687437947166,40.712157516407956,61.82165299145299,26.053066666666666,30.54081818181818,61.755623088605006,283.83197371518645,227.4306516762961,9.888390098713701,0.776533800855979,92.5133119338593,68.75240842971911,112.38840566815226,8882451000.0,48.877314695426136,8.966238710713467,2.3632113215491146,0.18558263290878152,152.63210571850243,-2865079000.0,94.40741397391575,0.04609082846552059,171.51630453120757,-2.5524361953089922,19521259000.0,51.27291915173481,322658000.0,,,,"{'segments': [{'name': 'SeedsAndSeedlings', 'type': 'Segment'}, {'name': 'FloricultureAndHomeGarden', 'type': 'Segment'}, {'name': 'CropProtection', 'type': 'Segment'}, {'name': 'AgriculturalMaterialsAndFacilities', 'type': 'Segment'}], 'periods': [{'name': 'Prior1YTDDuration', 'start_date': '2018-06-01', 'end_date': '2019-02-28'}, {'name': 'CurrentYTDDuration', 'start_date': '2019-06-01', 'end_date': '2020-02-29'}], 'values': [{'segment': 'SeedsAndSeedlings', 'period': 'Prior1YTDDuration', 'net_sales': '5296333000', 'operating_income': '626977000', 'revenues_from_external_customers': '5235707000', 'transactions_with_other_segments': '60626000'}, {'segment': 'FloricultureAndHomeGarden', 'period': 'Prior1YTDDuration', 'net_sales': '4113308000', 'operating_income': '-284393000', 'revenues_from_external_customers': '4112153000', 'transactions_with_other_segments': '1155000'}, {'segment': 'CropProtection', 'period': 'Prior1YTDDuration', 'net_sales': '16067133000', 'operating_income': '347912000', 'revenues_from_external_customers': '16067132000', 'transactions_with_other_segments': '1000'}, {'segment': 'AgriculturalMaterialsAndFacilities', 'period': 'Prior1YTDDuration', 'net_sales': '10829613000', 'operating_income': '345431000', 'revenues_from_external_customers': '10826853000', 'transactions_with_other_segments': '2759000'}, {'segment': 'AgriculturalMaterialsAndFacilities', 'period': 'CurrentYTDDuration', 'net_sales': '10642999000', 'operating_income': '317798000', 'revenues_from_external_customers': '10641609000', 'transactions_with_other_segments': '1390000'}, {'segment': 'CropProtection', 'period': 'CurrentYTDDuration', 'net_sales': '16356125000', 'operating_income': '361711000', 'revenues_from_external_customers': '16356091000', 'transactions_with_other_segments': '34000'}, {'segment': 'FloricultureAndHomeGarden', 'period': 'CurrentYTDDuration', 'net_sales': '3971793000', 'operating_income': '-244361000', 'revenues_from_external_customers': '3970782000', 'transactions_with_other_segments': '1010000'}, {'segment': 'SeedsAndSeedlings', 'period': 'CurrentYTDDuration', 'net_sales': '5263119000', 'operating_income': '523942000', 'revenues_from_external_customers': '5197184000', 'transactions_with_other_segments': '65934000'}]}",,,2019.0,3.0,2020-04-09 13:01:00+00:00
4,カネコ種苗株式会社,代表取締役社長　　金子　昌彦,群馬県前橋市古市町一丁目50番地12,2017-11-30T00:00:00.000Z,2018-01-11T13:01:00.000Z,2018-01-11T13:01:00.000Z,2018-01-05T15:00:00.000Z,【E00004】カネコ種苗株式会社 四半期報告書－第71期第2四半期(平成29年9月1日－平成29年11月30日),【13760】カネコ種苗株式会社 平成30年５月期　第２四半期決算短信[日本基準](連結）,Japan GAAP,11740584.0,11772626.0,32042.0,34021107000.0,25406124000.0,4231042000.0,13320814000.0,13320814000.0,,,,5868099000.0,5868099000.0,,,,,-12922000.0,8614982000.0,6159465000.0,,,4196523000.0,,39149000.0,,2416368000.0,,,-12598000.0,,16130200000.0,1660000000.0,14266265000.0,11395717000.0,11395717000.0,,,,1660000000.0,,,,,,,,122256000.0,1863935000.0,,,,,,,,17890906000.0,17410494000.0,1491267000.0,1765221000.0,14176265000.0,-22259000.0,480412000.0,,24923915000.0,21009707000.0,3914208000.0,15.704627463221568,3635548000.0,278659000.0,1.1180386387933035,73506000.0,,,16407000.0,,13444000.0,7203000.0,,338721000.0,,,,44309000.0,,,,294412000.0,100554000.0,34.15417849815904,193857000.0,,193857000.0,0.7777951417343544,-1612531000.0,294412000.0,105439000.0,,8918292000.0,829909000.0,-11284090000.0,-341695000.0,-342770000.0,,,,,,,,,14973000.0,,,1483013000.0,1660000000.0,,,,,,,-169727000.0,-333000.0,-1269761000.0,59500000000.0,2050000000.0,2150000000.0,1450000000.0,,83.35036826106776,1523.8514540673616,2155439000.0,384098000.0,5.4697174083861375,5.462920706642294,1.7372390028343287,1.9015865937700416,2.876396702788066,5.925955554182502,1.7062030508684132,-6.469814232635603,14.586584812217504,2.6937505620549547,0.0,2.584879727552313,38.68651950576149,41.88893277310925,13.593121951219512,13.36944827586207,138.72654035291006,635.6661726339361,647.9740220884466,12.436520657602353,0.8590542098568132,82.26509748422384,42.95915677665545,83.42572154719913,7793196000.0,41.79853271368016,9.595442786021188,4.879323885610189,0.33703990373111636,109.4924694245577,-2571042000.0,90.04662213517265,0.09278456887538283,178.08532226199358,-2.627313807120916,17890906000.0,52.58766565120882,1850697000.0,,,,"{'segments': [{'name': 'SeedsAndSeedlings', 'type': 'Segment'}, {'name': 'FloricultureAndHomeGarden', 'type': 'Segment'}, {'name': 'CropProtection', 'type': 'Segment'}, {'name': 'AgriculturalMaterialsAndFacilities', 'type': 'Segment'}, {'name': 'Landscaping', 'type': 'Segment'}], 'periods': [{'name': 'Prior1YTDDuration', 'start_date': '2016-06-01', 'end_date': '2016-11-30'}, {'name': 'CurrentYTDDuration', 'start_date': '2017-06-01', 'end_date': '2017-11-30'}], 'values': [{'segment': 'SeedsAndSeedlings', 'period': 'Prior1YTDDuration', 'net_sales': '3439185000', 'operating_income': '429070000', 'revenues_from_external_customers': '3422872000', 'transactions_with_other_segments': '16313000'}, {'segment': 'FloricultureAndHomeGarden', 'period': 'Prior1YTDDuration', 'net_sales': '3408672000', 'operating_income': '-66719000', 'revenues_from_external_customers': '3408617000', 'transactions_with_other_segments': '55000'}, {'segment': 'CropProtection', 'period': 'Prior1YTDDuration', 'net_sales': '10660332000', 'operating_income': '160818000', 'revenues_from_external_customers': '10659379000', 'transactions_with_other_segments': '953000'}, {'segment': 'AgriculturalMaterialsAndFacilities', 'period': 'Prior1YTDDuration', 'net_sales': '6299050000', 'operating_income': '207625000', 'revenues_from_external_customers': '6297578000', 'transactions_with_other_segments': '1472000'}, {'segment': 'Landscaping', 'period': 'Prior1YTDDuration', 'net_sales': '112122000', 'operating_income': '-4719000', 'revenues_from_external_customers': '112122000', 'transactions_with_other_segments': None}, {'segment': 'Landscaping', 'period': 'CurrentYTDDuration', 'net_sales': '206986000', 'operating_income': '4335000', 'revenues_from_external_customers': '206926000', 'transactions_with_other_segments': '60000'}, {'segment': 'AgriculturalMaterialsAndFacilities', 'period': 'CurrentYTDDuration', 'net_sales': '6898334000', 'operating_income': '184631000', 'revenues_from_external_customers': '6897224000', 'transactions_with_other_segments': '1110000'}, {'segment': 'CropProtection', 'period': 'CurrentYTDDuration', 'net_sales': '10943627000', 'operating_income': '72192000', 'revenues_from_external_customers': '10943286000', 'transactions_with_other_segments': '341000'}, {'segment': 'FloricultureAndHomeGarden', 'period': 'CurrentYTDDuration', 'net_sales': '3311244000', 'operating_income': '-72793000', 'revenues_from_external_customers': '3311056000', 'transactions_with_other_segments': '188000'}, {'segment': 'SeedsAndSeedlings', 'period': 'CurrentYTDDuration', 'net_sales': '3583727000', 'operating_income': '556932000', 'revenues_from_external_customers': '3565423000', 'transactions_with_other_segments': '18304000'}]}",,,2017.0,2.0,2018-01-11 13:01:00+00:00
5,カネコ種苗株式会社,代表取締役社長　　金子　昌彦,群馬県前橋市古市町一丁目50番地12,2018-02-28T00:00:00.000Z,2018-04-12T13:04:00.000Z,2018-04-12T13:04:00.000Z,2018-04-05T15:00:00.000Z,【E00004】カネコ種苗株式会社 四半期報告書－第71期第3四半期(平成29年12月1日－平成30年2月28日),【13760】カネコ種苗株式会社 平成30年５月期　第３四半期決算短信[日本基準](連結）,Japan GAAP,11740292.0,11772626.0,32334.0,35593313000.0,26994860000.0,4177313000.0,13552996000.0,13552996000.0,,,,7826266000.0,7826266000.0,,,,,-14077000.0,8598452000.0,6142725000.0,,,4196523000.0,,44975000.0,,2410750000.0,,,-12595000.0,,17646623000.0,980000000.0,15779647000.0,14072660000.0,14072660000.0,,,,980000000.0,,,,,,,,6297000.0,1866976000.0,,,,,,,,17946689000.0,17451518000.0,1491267000.0,1765221000.0,14217770000.0,-22740000.0,495170000.0,,35856166000.0,29953233000.0,5902932000.0,16.46280865611789,5410060000.0,492872000.0,1.374580874039907,128133000.0,,,25481000.0,,16841000.0,9653000.0,,604164000.0,,,,47330000.0,,,,556834000.0,192325000.0,34.53901880991462,364508000.0,,364508000.0,1.0165838701215295,,556834000.0,,,,,,,,,,,,,,,,,,,,,,,,,,,,,0.0,59500000000.0,1900000000.0,2000000000.0,1350000000.0,,83.35244131917673,1528.6407697525751,1900000000.0,492872000.0,5.452716097102925,5.445815779677807,1.660502746681659,1.983280202827385,2.749342271117049,6.121398201238473,1.700857422781439,0.0,15.088227782077984,0.0,0.0,1.9585206706812317,51.0589454055734,60.262463865546216,25.940631578947368,27.000592592592593,65.94077570926015,285.49562563911115,270.3622417066292,11.73622978001514,0.8481452839606872,83.69897944249472,57.2944982812676,103.0230756510018,7306602000.0,37.97040207276051,9.621592045875406,2.753326165507549,0.19897536485330966,64.64013255184732,-3197313000.0,98.20358231750157,0.05460617275977758,171.07391565856955,-3.2672918569930776,17946689000.0,50.421518783598486,411838000.0,,,,"{'segments': [{'name': 'SeedsAndSeedlings', 'type': 'Segment'}, {'name': 'FloricultureAndHomeGarden', 'type': 'Segment'}, {'name': 'CropProtection', 'type': 'Segment'}, {'name': 'AgriculturalMaterialsAndFacilities', 'type': 'Segment'}, {'name': 'Landscaping', 'type': 'Segment'}], 'periods': [{'name': 'Prior1YTDDuration', 'start_date': '2016-06-01', 'end_date': '2017-02-28'}, {'name': 'CurrentYTDDuration', 'start_date': '2017-06-01', 'end_date': '2018-02-28'}], 'values': [{'segment': 'SeedsAndSeedlings', 'period': 'Prior1YTDDuration', 'net_sales': '4919455000', 'operating_income': '625034000', 'revenues_from_external_customers': '4865937000', 'transactions_with_other_segments': '53518000'}, {'segment': 'FloricultureAndHomeGarden', 'period': 'Prior1YTDDuration', 'net_sales': '4621251000', 'operating_income': '-166768000', 'revenues_from_external_customers': '4621196000', 'transactions_with_other_segments': '55000'}, {'segment': 'CropProtection', 'period': 'Prior1YTDDuration', 'net_sales': '15414724000', 'operating_income': '513922000', 'revenues_from_external_customers': '15413771000', 'transactions_with_other_segments': '953000'}, {'segment': 'AgriculturalMaterialsAndFacilities', 'period': 'Prior1YTDDuration', 'net_sales': '9628808000', 'operating_income': '308580000', 'revenues_from_external_customers': '9626540000', 'transactions_with_other_segments': '2268000'}, {'segment': 'Landscaping', 'period': 'Prior1YTDDuration', 'net_sales': '221397000', 'operating_income': '-1667000', 'revenues_from_external_customers': '221397000', 'transactions_with_other_segments': None}, {'segment': 'Landscaping', 'period': 'CurrentYTDDuration', 'net_sales': '339258000', 'operating_income': '10039000', 'revenues_from_external_customers': '339198000', 'transactions_with_other_segments': '60000'}, {'segment': 'AgriculturalMaterialsAndFacilities', 'period': 'CurrentYTDDuration', 'net_sales': '10490814000', 'operating_income': '278002000', 'revenues_from_external_customers': '10488710000', 'transactions_with_other_segments': '2104000'}, {'segment': 'CropProtection', 'period': 'CurrentYTDDuration', 'net_sales': '15602433000', 'operating_income': '345058000', 'revenues_from_external_customers': '15601343000', 'transactions_with_other_segments': '1090000'}, {'segment': 'FloricultureAndHomeGarden', 'period': 'CurrentYTDDuration', 'net_sales': '4403337000', 'operating_income': '-186843000', 'revenues_from_external_customers': '4402827000', 'transactions_with_other_segments': '510000'}, {'segment': 'SeedsAndSeedlings', 'period': 'CurrentYTDDuration', 'net_sales': '5081151000', 'operating_income': '737506000', 'revenues_from_external_customers': '5024088000', 'transactions_with_other_segments': '57063000'}]}",,,2017.0,3.0,2018-04-12 13:04:00+00:00
6,カネコ種苗株式会社,代表取締役社長　　金子　昌彦,群馬県前橋市古市町一丁目50番地12,2018-05-31T00:00:00.000Z,2018-08-29T13:08:00.000Z,2018-08-29T13:08:00.000Z,2018-07-13T15:00:00.000Z,【E00004】カネコ種苗株式会社 有価証券報告書－第71期(平成29年6月1日－平成30年5月31日),【13760】カネコ種苗株式会社 平成30年５月期　決算短信[日本基準](連結）,Japan GAAP,11740104.0,11772626.0,32522.0,44995938000.0,36305059000.0,5244625000.0,22369028000.0,22369028000.0,,,,7169573000.0,7169573000.0,,,,217146000.0,-22081000.0,8690879000.0,5930811000.0,1749828000.0,,3896134000.0,,65344000.0,,2694723000.0,1971935000.0,307777000.0,-7292000.0,,26272992000.0,0.0,24566413000.0,23137706000.0,23137706000.0,,,,,,,,,,,,298728000.0,1706578000.0,,,,,,,,18722946000.0,18065288000.0,1491267000.0,1765221000.0,14831844000.0,-23044000.0,657657000.0,,59102794000.0,49857965000.0,9244828000.0,15.641947485596027,7497522000.0,1747306000.0,2.9563847692208935,167206000.0,,2926000.0,28697000.0,,23138000.0,12996000.0,,1891374000.0,50246000.0,122000.0,50124000.0,374309000.0,,,320667000.0,1567311000.0,588728000.0,37.56293422300998,978582000.0,,978582000.0,1.6557288306877675,1516086000.0,1567311000.0,227338000.0,,-166577000.0,-388443000.0,715179000.0,-658586000.0,-616043000.0,,-29000000.0,,,,,,-70835000.0,79203000.0,,,-307790000.0,,,,,,-1546000.0,,-294379000.0,-7673000.0,2161129000.0,60000000000.0,1900000000.0,2000000000.0,1400000000.0,26.0,83.35377608239246,1594.7853613562538,2127338000.0,1974644000.0,5.226645422146707,5.220220431142874,1.313513988751607,2.4032509627491314,2.1748229806877233,6.188011224301988,1.6303134346485857,2.5651680697193435,12.685562716375134,2.45908306785156,1.0756191999992422,0.7437735576939586,134.44952293013236,98.50465666666666,91.96347368421053,69.89871428571429,1.5180432925049114,8.738824224262952,43.06414792015385,11.655774350120227,1.0648481356059072,138.14398046901132,52.48698267167543,169.38642983122156,6400895000.0,21.244533309465197,9.965381463007336,0.0,0.0,0.0,-5244625000.0,140.1525979689523,0.0,147.7833129321729,-5.359412905612406,18722946000.0,41.61030268998948,-213441000.0,653.0,90509638.59111792,2675813.169984686,"{'segments': [{'name': 'AgriculturalMaterialsAndFacilities', 'type': 'Segment'}, {'name': 'CropProtection', 'type': 'Segment'}, {'name': 'FloricultureAndHomeGarden', 'type': 'Segment'}, {'name': 'SeedsAndSeedlings', 'type': 'Segment'}, {'name': 'Landscaping', 'type': 'Segment'}], 'periods': [{'name': 'CurrentYearInstant', 'instant': '2018-05-31'}, {'name': 'CurrentYearDuration', 'start_date': '2017-06-01', 'end_date': '2018-05-31'}, {'name': 'Prior1YearDuration', 'start_date': '2016-06-01', 'end_date': '2017-05-31'}, {'name': 'Prior1YearInstant', 'instant': '2017-05-31'}], 'values': [{'segment': 'Landscaping', 'period': 'CurrentYearDuration', 'net_sales': '571205000', 'operating_income': '13697000', 'revenues_from_external_customers': '571145000', 'transactions_with_other_segments': '60000'}, {'segment': 'AgriculturalMaterialsAndFacilities', 'period': 'CurrentYearDuration', 'net_sales': '14743170000', 'operating_income': '468881000', 'revenues_from_external_customers': '14740876000', 'transactions_with_other_segments': '2294000'}, {'segment': 'CropProtection', 'period': 'CurrentYearDuration', 'net_sales': '26767202000', 'operating_income': '815938000', 'revenues_from_external_customers': '26765185000', 'transactions_with_other_segments': '2017000'}, {'segment': 'SeedsAndSeedlings', 'period': 'Prior1YearDuration', 'net_sales': '7907985000', 'operating_income': '1179661000', 'revenues_from_external_customers': '7835292000', 'transactions_with_other_segments': '72693000'}, {'segment': 'FloricultureAndHomeGarden', 'period': 'Prior1YearDuration', 'net_sales': '9691656000', 'operating_income': '248737000', 'revenues_from_external_customers': '9691601000', 'transactions_with_other_segments': '55000'}, {'segment': 'CropProtection', 'period': 'Prior1YearDuration', 'net_sales': '26179962000', 'operating_income': '996948000', 'revenues_from_external_customers': '26179006000', 'transactions_with_other_segments': '956000'}, {'segment': 'AgriculturalMaterialsAndFacilities', 'period': 'Prior1YearDuration', 'net_sales': '13792446000', 'operating_income': '535277000', 'revenues_from_external_customers': '13789637000', 'transactions_with_other_segments': '2809000'}, {'segment': 'Landscaping', 'period': 'Prior1YearDuration', 'net_sales': '352794000', 'operating_income': '-1378000', 'revenues_from_external_customers': '352794000', 'transactions_with_other_segments': None}, {'segment': 'FloricultureAndHomeGarden', 'period': 'CurrentYearDuration', 'net_sales': '9170421000', 'operating_income': '181614000', 'revenues_from_external_customers': '9169911000', 'transactions_with_other_segments': '510000'}, {'segment': 'SeedsAndSeedlings', 'period': 'CurrentYearDuration', 'net_sales': '7923292000', 'operating_income': '1234127000', 'revenues_from_external_customers': '7855677000', 'transactions_with_other_segments': '67615000'}]}",,635721000.0,2017.0,4.0,2018-08-29 13:08:00+00:00
7,カネコ種苗株式会社,代表取締役社長　　金子　昌彦,群馬県前橋市古市町一丁目50番地12,2018-08-31T00:00:00.000Z,2018-10-09T13:02:00.000Z,2018-10-09T13:02:00.000Z,2018-10-02T15:00:00.000Z,【E00004】カネコ種苗株式会社 四半期報告書－第72期第1四半期(平成30年6月1日－平成30年8月31日),【13760】カネコ種苗株式会社 2019年５月期　第１四半期決算短信［日本基準］（連結）,Japan GAAP,11740025.0,11772626.0,32601.0,39535214000.0,30819032000.0,4589026000.0,17290189000.0,17290189000.0,,,,6808027000.0,6808027000.0,,,,,-17070000.0,8716182000.0,5949167000.0,,,3927953000.0,,61028000.0,,2705986000.0,,,-7135000.0,,20725948000.0,2960000000.0,19038206000.0,14888083000.0,14888083000.0,,,,2960000000.0,,,,,,,,130466000.0,1687742000.0,,,,,,,,18809266000.0,18125552000.0,1491267000.0,1765221000.0,14892236000.0,-23171000.0,683713000.0,,13598342000.0,11388413000.0,2209929000.0,16.25145918524479,1885146000.0,324783000.0,2.3884014683554806,39642000.0,,,16921000.0,,10646000.0,5269000.0,,353779000.0,,,,4375000.0,,,,349404000.0,112911000.0,32.31531407768657,236493000.0,,236493000.0,1.739131138193171,,349404000.0,,,,,,,,,,,,,,,,,,,,,,,,,,,,,0.0,60000000000.0,1900000000.0,2000000000.0,1400000000.0,,109.38775684038151,1602.1487177412314,1900000000.0,324783000.0,6.827565732761714,6.819165251953319,1.482037481825696,2.1019009460549922,3.2482813928868577,5.623483125246391,1.7476529918817671,0.0,13.86305771688931,0.0,0.0,1.622313975793068,61.64034921237427,22.663903333333334,17.093842105263157,16.892357142857144,341.23026174808666,485.0059886139361,491.9836950776555,11.607439383026989,0.9398498641528004,107.70833779563787,50.49080181981707,110.41543287504408,9210133000.0,47.78370674041088,9.848886239031447,7.486996276281696,0.6062191841781435,331.6723570139179,-1629026000.0,110.0545192318976,0.15736924556226703,161.87991662659812,-1.2684994335060717,18809266000.0,47.575981250537815,240868000.0,,,,"{'segments': [{'name': 'SeedsAndSeedlings', 'type': 'Segment'}, {'name': 'FloricultureAndHomeGarden', 'type': 'Segment'}, {'name': 'CropProtection', 'type': 'Segment'}, {'name': 'AgriculturalMaterialsAndFacilities', 'type': 'Segment'}], 'periods': [{'name': 'Prior1YTDDuration', 'start_date': '2017-06-01', 'end_date': '2017-08-31'}, {'name': 'CurrentYTDDuration', 'start_date': '2018-06-01', 'end_date': '2018-08-31'}], 'values': [{'segment': 'SeedsAndSeedlings', 'period': 'Prior1YTDDuration', 'net_sales': '2146241000', 'operating_income': '406832000', 'revenues_from_external_customers': '2135318000', 'transactions_with_other_segments': '10923000'}, {'segment': 'FloricultureAndHomeGarden', 'period': 'Prior1YTDDuration', 'net_sales': '1753132000', 'operating_income': '-58574000', 'revenues_from_external_customers': '1753037000', 'transactions_with_other_segments': '95000'}, {'segment': 'CropProtection', 'period': 'Prior1YTDDuration', 'net_sales': '6730109000', 'operating_income': '138776000', 'revenues_from_external_customers': '6730096000', 'transactions_with_other_segments': '13000'}, {'segment': 'AgriculturalMaterialsAndFacilities', 'period': 'Prior1YTDDuration', 'net_sales': '3176830000', 'operating_income': '50734000', 'revenues_from_external_customers': '3176454000', 'transactions_with_other_segments': '376000'}, {'segment': 'AgriculturalMaterialsAndFacilities', 'period': 'CurrentYTDDuration', 'net_sales': '3260967000', 'operating_income': '63062000', 'revenues_from_external_customers': '3259402000', 'transactions_with_other_segments': '1564000'}, {'segment': 'CropProtection', 'period': 'CurrentYTDDuration', 'net_sales': '6831152000', 'operating_income': '123355000', 'revenues_from_external_customers': '6831152000', 'transactions_with_other_segments': None}, {'segment': 'FloricultureAndHomeGarden', 'period': 'CurrentYTDDuration', 'net_sales': '1491554000', 'operating_income': '-83566000', 'revenues_from_external_customers': '1491047000', 'transactions_with_other_segments': '507000'}, {'segment': 'SeedsAndSeedlings', 'period': 'CurrentYTDDuration', 'net_sales': '2031500000', 'operating_income': '410556000', 'revenues_from_external_customers': '2016740000', 'transactions_with_other_segments': '14759000'}]}",,,2018.0,1.0,2018-10-09 13:02:00+00:00
8,カネコ種苗株式会社,代表取締役社長　　金子　昌彦,群馬県前橋市古市町一丁目50番地12,2018-11-30T00:00:00.000Z,2019-01-11T13:02:00.000Z,2019-01-11T13:02:00.000Z,2019-01-07T15:00:00.000Z,【E00004】カネコ種苗株式会社 四半期報告書－第72期第2四半期(平成30年9月1日－平成30年11月30日),【13760】カネコ種苗株式会社 2019年５月期第２四半期決算短信［日本基準］（連結）,Japan GAAP,11739433.0,11772626.0,33193.0,35284527000.0,26314892000.0,4510301000.0,13553905000.0,13553905000.0,,,,6395937000.0,6395937000.0,,,,,-13081000.0,8969634000.0,6135042000.0,,,3927953000.0,,56712000.0,,2777880000.0,,,-7134000.0,,16365565000.0,1600000000.0,14646896000.0,11871893000.0,11871893000.0,,,,1600000000.0,,,,,,,,148394000.0,1718668000.0,,,,,,,,18918962000.0,18147124000.0,1491267000.0,1765221000.0,14914725000.0,-24089000.0,771838000.0,,25141214000.0,21079987000.0,4061227000.0,16.1536630649578,3710173000.0,351054000.0,1.3963287532574997,61942000.0,,,17527000.0,,19968000.0,6897000.0,,393028000.0,6000.0,,6000.0,7867000.0,,,,385166000.0,126184000.0,32.76093943909898,258981000.0,,258981000.0,1.0301053879100666,-1827676000.0,385166000.0,121808000.0,,8846022000.0,689296000.0,-11591368000.0,-313039000.0,-315264000.0,989000.0,,,,,,,,92000.0,,,1404314000.0,1598402000.0,,,,,-1045000.0,,-185353000.0,2077000.0,-1512412000.0,60000000000.0,1900000000.0,2000000000.0,1400000000.0,,109.39327308226896,1611.5737446604107,2021808000.0,472862000.0,6.787978114232694,6.779346157068362,1.6605768585193164,1.8650350373345006,3.6395981728761733,5.966144876139446,1.7374321276188407,-7.269640996651952,14.757334311700301,2.999290608478669,0.0,1.9646550103402896,50.899521531100476,41.90202333333333,18.476526315789474,18.49864285714286,138.65196008434597,441.2272755758373,440.58019700286894,12.782659662690108,0.9237266866952245,84.43334992983507,47.43459265350084,88.04627195060678,8077949000.0,43.82167063272914,9.550491911872811,4.534565533498578,0.32768604550169916,179.28235514265833,-2910301000.0,86.39350123694436,0.08457123599064262,179.6619024262888,-2.2662100972189236,18918962000.0,53.61829563423084,2094518000.0,,,,"{'segments': [{'name': 'SeedsAndSeedlings', 'type': 'Segment'}, {'name': 'FloricultureAndHomeGarden', 'type': 'Segment'}, {'name': 'CropProtection', 'type': 'Segment'}, {'name': 'AgriculturalMaterialsAndFacilities', 'type': 'Segment'}], 'periods': [{'name': 'Prior1YTDDuration', 'start_date': '2017-06-01', 'end_date': '2017-11-30'}, {'name': 'CurrentYTDDuration', 'start_date': '2018-06-01', 'end_date': '2018-11-30'}], 'values': [{'segment': 'SeedsAndSeedlings', 'period': 'Prior1YTDDuration', 'net_sales': '3790713000', 'operating_income': '520313000', 'revenues_from_external_customers': '3772349000', 'transactions_with_other_segments': '18364000'}, {'segment': 'FloricultureAndHomeGarden', 'period': 'Prior1YTDDuration', 'net_sales': '3311244000', 'operating_income': '-104458000', 'revenues_from_external_customers': '3311056000', 'transactions_with_other_segments': '188000'}, {'segment': 'CropProtection', 'period': 'Prior1YTDDuration', 'net_sales': '10943627000', 'operating_income': '72058000', 'revenues_from_external_customers': '10943286000', 'transactions_with_other_segments': '341000'}, {'segment': 'AgriculturalMaterialsAndFacilities', 'period': 'Prior1YTDDuration', 'net_sales': '6898334000', 'operating_income': '152989000', 'revenues_from_external_customers': '6897224000', 'transactions_with_other_segments': '1110000'}, {'segment': 'AgriculturalMaterialsAndFacilities', 'period': 'CurrentYTDDuration', 'net_sales': '7386605000', 'operating_income': '251489000', 'revenues_from_external_customers': '7384593000', 'transactions_with_other_segments': '2011000'}, {'segment': 'CropProtection', 'period': 'CurrentYTDDuration', 'net_sales': '11149349000', 'operating_income': '126852000', 'revenues_from_external_customers': '11149349000', 'transactions_with_other_segments': None}, {'segment': 'FloricultureAndHomeGarden', 'period': 'CurrentYTDDuration', 'net_sales': '2997975000', 'operating_income': '-147218000', 'revenues_from_external_customers': '2997320000', 'transactions_with_other_segments': '655000'}, {'segment': 'SeedsAndSeedlings', 'period': 'CurrentYTDDuration', 'net_sales': '3632923000', 'operating_income': '471420000', 'revenues_from_external_customers': '3609951000', 'transactions_with_other_segments': '22971000'}]}",,,2018.0,2.0,2019-01-11 13:02:00+00:00
9,カネコ種苗株式会社,代表取締役社長　　金子　昌彦,群馬県前橋市古市町一丁目50番地12,2019-02-28T00:00:00.000Z,2019-04-11T10:02:00.000Z,2019-04-11T10:02:00.000Z,2019-04-04T15:00:00.000Z,【E00004】カネコ種苗株式会社 四半期報告書－第72期第3四半期(平成30年12月1日－平成31年2月28日),【13760】カネコ種苗株式会社 2019年５月期　第３四半期決算短信［日本基準］（連結）,Japan GAAP,11739352.0,11772626.0,33274.0,36716064000.0,27749662000.0,4312074000.0,13867353000.0,13867353000.0,,,,8419190000.0,8419190000.0,,,,,-14098000.0,8966402000.0,6248718000.0,,,3927953000.0,,59597000.0,,2658085000.0,,,-9897000.0,,17895826000.0,882323000.0,16183481000.0,14540597000.0,14540597000.0,,,,882323000.0,,,,,,,,5286000.0,1712344000.0,,,,,,,,18820238000.0,18156868000.0,1491267000.0,1765180000.0,14924619000.0,-24198000.0,663180000.0,189000.0,36241846000.0,30218286000.0,6023560000.0,16.620455812322586,5505170000.0,518389000.0,1.4303603629903399,101003000.0,,,27968000.0,,16476000.0,9248000.0,,602916000.0,6000.0,,6000.0,11453000.0,,,,591469000.0,193459000.0,32.70822308523355,398010000.0,,398010000.0,1.0982056487961458,,591469000.0,,,,,,,,,,,,,,,,,,,,,,,,,,,,,0.0,60000000000.0,1900000000.0,2000000000.0,1400000000.0,,109.39402788160709,1603.1591011156322,1900000000.0,518389000.0,6.823653859774755,6.814891568763666,1.595831976978796,1.9509016156121592,3.497692454180274,6.213419379148865,1.7465515419221276,0.0,15.190092690090898,0.0,0.0,1.7839884719776076,56.054173875432525,60.403076666666664,27.283631578947368,28.429285714285715,65.55448086170887,266.5201229192749,251.7499560312555,11.744379789729095,0.8831290481066837,86.38595802829873,62.43977201814648,107.83835044555886,7745946000.0,40.98737960088636,9.376750399041851,2.403098000918617,0.18070308420324732,98.86559089783484,-3429751000.0,94.9661003385827,0.046882077724664795,171.46905539049357,-2.670698442239033,18820049000.0,51.25835111301691,409457000.0,,,,"{'segments': [{'name': 'SeedsAndSeedlings', 'type': 'Segment'}, {'name': 'FloricultureAndHomeGarden', 'type': 'Segment'}, {'name': 'CropProtection', 'type': 'Segment'}, {'name': 'AgriculturalMaterialsAndFacilities', 'type': 'Segment'}], 'periods': [{'name': 'Prior1YTDDuration', 'start_date': '2017-06-01', 'end_date': '2018-02-28'}, {'name': 'CurrentYTDDuration', 'start_date': '2018-06-01', 'end_date': '2019-02-28'}], 'values': [{'segment': 'SeedsAndSeedlings', 'period': 'Prior1YTDDuration', 'net_sales': '5420409000', 'operating_income': '686633000', 'revenues_from_external_customers': '5363286000', 'transactions_with_other_segments': '57123000'}, {'segment': 'FloricultureAndHomeGarden', 'period': 'Prior1YTDDuration', 'net_sales': '4403337000', 'operating_income': '-237409000', 'revenues_from_external_customers': '4402827000', 'transactions_with_other_segments': '510000'}, {'segment': 'CropProtection', 'period': 'Prior1YTDDuration', 'net_sales': '15602433000', 'operating_income': '342916000', 'revenues_from_external_customers': '15601343000', 'transactions_with_other_segments': '1090000'}, {'segment': 'AgriculturalMaterialsAndFacilities', 'period': 'Prior1YTDDuration', 'net_sales': '10490814000', 'operating_income': '229355000', 'revenues_from_external_customers': '10488710000', 'transactions_with_other_segments': '2104000'}, {'segment': 'AgriculturalMaterialsAndFacilities', 'period': 'CurrentYTDDuration', 'net_sales': '10829613000', 'operating_income': '345431000', 'revenues_from_external_customers': '10826853000', 'transactions_with_other_segments': '2759000'}, {'segment': 'CropProtection', 'period': 'CurrentYTDDuration', 'net_sales': '16067133000', 'operating_income': '360090000', 'revenues_from_external_customers': '16067132000', 'transactions_with_other_segments': '1000'}, {'segment': 'FloricultureAndHomeGarden', 'period': 'CurrentYTDDuration', 'net_sales': '4113308000', 'operating_income': '-296571000', 'revenues_from_external_customers': '4112153000', 'transactions_with_other_segments': '1155000'}, {'segment': 'SeedsAndSeedlings', 'period': 'CurrentYTDDuration', 'net_sales': '5296333000', 'operating_income': '626977000', 'revenues_from_external_customers': '5235707000', 'transactions_with_other_segments': '60626000'}]}",,,2018.0,3.0,2019-04-11 10:02:00+00:00
10,カネコ種苗株式会社,代表取締役社長　　金子　昌彦,群馬県前橋市古市町一丁目50番地12,2019-05-31T00:00:00.000Z,2019-08-28T13:03:00.000Z,2019-08-28T13:03:00.000Z,2019-07-12T15:00:00.000Z,【E00004】カネコ種苗株式会社 有価証券報告書－第72期(平成30年6月1日－令和1年5月31日),【13760】カネコ種苗株式会社 2019年５月期　決算短信[日本基準](連結）,Japan GAAP,11739299.0,11772626.0,33327.0,45526315000.0,36321912000.0,4906928000.0,21731978000.0,21731978000.0,,,,8203837000.0,8203837000.0,,,,,-22075000.0,9204403000.0,6431641000.0,2092015000.0,,3953976000.0,,81771000.0,,2690990000.0,1902856000.0,372357000.0,-8911000.0,,25907242000.0,0.0,24182623000.0,22593327000.0,22593327000.0,,,,,,,,,,,,309674000.0,1724619000.0,,,,,,,,19619072000.0,19042997000.0,1491267000.0,1765224000.0,15810824000.0,-24318000.0,575911000.0,163000.0,58592669000.0,49215496000.0,9377173000.0,16.004003845600547,7591465000.0,1785707000.0,3.0476628398682437,133221000.0,,2681000.0,32105000.0,,19828000.0,12629000.0,,1899100000.0,9821000.0,,9821000.0,63187000.0,,,5426000.0,1845734000.0,561516000.0,30.422368553648575,1284218000.0,2000.0,1284215000.0,2.191767369395649,892447000.0,1845734000.0,287907000.0,,706369000.0,-1025467000.0,-546578000.0,-869305000.0,-673106000.0,,-10600000.0,,,,,,-207385000.0,50379000.0,,,-362915000.0,,,,,,-1324000.0,,-314995000.0,2077000.0,1576153000.0,59500000000.0,1800000000.0,1900000000.0,1350000000.0,28.0,109.39452176829298,1671.2163988667467,2087907000.0,2073614000.0,6.54580231754987,6.537698719258297,1.2870066246301728,2.3205324516261325,2.820819124060447,6.2398525830360905,1.6754263552575734,1.5231376471346612,12.95633929903415,3.070296346244225,1.1364612866500414,0.7072268854856928,141.39733945680575,98.47507394957984,99.20594444444444,95.12703703703704,1.5485401424536471,0.8004112656779583,5.122584613947034,10.778223539506767,1.004957394925976,135.37823255670432,60.84263592507531,167.56032195632042,7342488000.0,28.66054652545921,9.11006522285681,0.0,0.0,0.0,-4906928000.0,131.8878360608836,0.0,150.19839659246227,-3.8209552138855254,19618909000.0,43.0935580883276,445134000.0,671.0,87321414.30700447,2661262.295081967,"{'segments': [{'name': 'CropProtection', 'type': 'Segment'}, {'name': 'FloricultureAndHomeGarden', 'type': 'Segment'}, {'name': 'SeedsAndSeedlings', 'type': 'Segment'}, {'name': 'Total', 'type': 'Total'}, {'name': 'AgriculturalMaterialsAndFacilities', 'type': 'Segment'}], 'periods': [{'name': 'CurrentYearInstant', 'instant': '2019-05-31'}, {'name': 'CurrentYearDuration', 'start_date': '2018-06-01', 'end_date': '2019-05-31'}, {'name': 'Prior1YearInstant', 'instant': '2018-05-31'}, {'name': 'Prior1YearDuration', 'start_date': '2017-06-01', 'end_date': '2018-05-31'}], 'values': [{'segment': 'FloricultureAndHomeGarden', 'period': 'CurrentYearDuration', 'net_sales': '8636345000', 'operating_income': '13194000', 'revenues_from_external_customers': '8634798000', 'transactions_with_other_segments': '1547000'}, {'segment': 'SeedsAndSeedlings', 'period': 'CurrentYearDuration', 'net_sales': '8297861000', 'operating_income': '1121818000', 'revenues_from_external_customers': '8219860000', 'transactions_with_other_segments': '78001000'}, {'segment': 'AgriculturalMaterialsAndFacilities', 'period': 'CurrentYearDuration', 'net_sales': '14677259000', 'operating_income': '453309000', 'revenues_from_external_customers': '14673843000', 'transactions_with_other_segments': '3416000'}, {'segment': 'CropProtection', 'period': 'CurrentYearDuration', 'net_sales': '27064226000', 'operating_income': '905460000', 'revenues_from_external_customers': '27064167000', 'transactions_with_other_segments': '58000'}, {'segment': 'SeedsAndSeedlings', 'period': 'Prior1YearDuration', 'net_sales': '8494497000', 'operating_income': '1172767000', 'revenues_from_external_customers': '8426822000', 'transactions_with_other_segments': '67675000'}, {'segment': 'FloricultureAndHomeGarden', 'period': 'Prior1YearDuration', 'net_sales': '9170421000', 'operating_income': '135047000', 'revenues_from_external_customers': '9169911000', 'transactions_with_other_segments': '510000'}, {'segment': 'CropProtection', 'period': 'Prior1YearDuration', 'net_sales': '26767202000', 'operating_income': '797597000', 'revenues_from_external_customers': '26765185000', 'transactions_with_other_segments': '2017000'}, {'segment': 'AgriculturalMaterialsAndFacilities', 'period': 'Prior1YearDuration', 'net_sales': '14743170000', 'operating_income': '408252000', 'revenues_from_external_customers': '14740876000', 'transactions_with_other_segments': '2294000'}]}",673000000.0,665883000.0,2018.0,4.0,2019-08-28 13:03:00+00:00
