,company_name,ceo_name,headquarters_address,end_date,updated_date,edinet_updated_date,tdnet_updated_date,edinet_title,tdnet_title,accounting_standard,num_of_shares,issued_share_num,treasury_stock_num,assets,current_assets,cash_and_deposits,trade_receivables,notes_accounts_receivable,notes_receivable,accounts_receivable,current_securities,inventories,merchandise,work_in_process,raw_materials_and_supplies,prepaid_expenses,current_dta,current_allowance_doubtful_accounts,non_current_assets,tangible_fixed_assets,buildings,machineries,land,construction_in_progress,intangible_assets,good_will,investments_and_other_assets,investment_securities,non_current_dta,non_current_allowance_doubtful_accounts,lease_and_guarantee_deposits,liabilities,debt,current_liabilities,trade_payables,notes_accounts_payable,accounts_payable,notes_payable,short_term_bonds_payable,short_term_loans_payable,commercial_papers_liabilities,current_lease_obligations,current_portion_of_long_term_loans,current_portion_of_bonds,current_portion_of_convertible_bonds,current_portion_of_bonds_with_subscription_rights,advances_received,corporate_tax_payable,non_current_liabilities,bonds_payable,convertible_bonds,convertible_bond_type_bonds_with_subscription_rights,non_current_bonds_with_subscription_right,long_term_loans_payable,non_current_lease_obligations,non_current_dtl,net_assets,shareholders_equity,capital_stock,additional_capital_stock,retained_earnings,treasury_stock,valuation_and_translation_adjustments,non_controlling_interests,net_sales,cost_of_sales,gross_profit,gross_margin,sga,operating_income,operating_margin,non_operating_income,interest_and_dividends_income,interest_income,dividends_income,equity_method_income,non_operating_expenses,interest_expense,equity_method_loss,ordinary_income,extraordinary_income,gain_of_sales_non_current_assets,gain_of_sales_investment_securities,extraordinary_loss,loss_of_sales_non_current_assets,loss_of_valuation_investment_securities,impairment_loss,income_before_income_taxes,income_taxes,real_corporate_tax_rate,net_income,non_controling_interests,profit_loss_attributable_to_owners_of_parent,net_profit_margin,operating_cash_flow,income_before_taxes,depreciation,amortization,decrease_trade_receivables_op_cf,decrease_inventories_op_cf,increase_trade_payables_op_cf,investment_cash_flow,purchase_of_property,sale_of_property,purchase_of_intangible_assets,sale_of_intangible_assets,purchase_of_non_current_assets,sale_of_non_current_assets,purchase_of_securities,sale_of_securities,purchase_of_investment_securities,sale_of_investment_securities,lending,return_of_lending,financial_cash_flow,net_short_term_debt,long_term_debt_issuance,long_term_debt_repayment,bonds_issuance,bonds_repayment,share_repurchase,share_sales,dividend_payment,cash_translation_difference,free_cash_flow,ex_net_sales,ex_operating_income,ex_ordinary_income,ex_net_income,dividend,eps_actual,bps,ebitda_forecast,ebitda_actual,roe,real_roe,total_asset_turnover,financial_leverage,roa,roic,doe,net_sales_operating_cash_flow_ratio,sga_ratio,depreciation_gross_profit_ratio,r_and_d_ratio,interest_op_income_ratio,interest_coverage_ratio,net_sales_progress,operating_income_progress,net_income_progress,net_sales_growth_rate_forecast,operating_income_growth_rate_forecast,net_income_growth_rate_forecast,cash_assets_ratio,cash_monthly_sales_ratio,accounts_receivable_turnover,inventory_turnover,trade_payable_turnover,working_capital,ccc,tangible_fixed_assets_turnover,debt_assets_ratio,debt_monthly_sales_ratio,operating_cash_flow_debt_ratio,net_debt,adjusted_debt_ratio,de_ratio,current_ratio,net_debt_net_income_ratio,equity,equity_ratio,accrual,employee_num,net_sales_per_employee,operating_income_per_employee,segment_member,increase_in_properties,r_and_d_expenses,fiscal_year,fiscal_quarter,to_datetime
0,株式会社　サカタのタネ,代表取締役社長　　坂田　宏,神奈川県横浜市都筑区仲町台二丁目７番１号,2019-08-31T00:00:00.000Z,2019-10-07T15:43:00.000Z,2019-10-07T15:43:00.000Z,2019-10-04T15:00:00.000Z,【E00006】株式会社　サカタのタネ 四半期報告書－第79期第1四半期(令和1年6月1日－令和1年8月31日),【13770】株式会社　サカタのタネ 2020年５月期　第１四半期決算短信 [日本基準]（連結） ,Japan GAAP,44597971.0,47410750.0,2812779.0,122289000000.0,70839000000.0,18759000000.0,14135000000.0,14135000000.0,,,,33788000000.0,28461000000.0,2889000000.0,2438000000.0,,,-269000000.0,51450000000.0,33557000000.0,32078000000.0,13024000000.0,13962000000.0,1248000000.0,2411000000.0,,15481000000.0,13187000000.0,,-64000000.0,,20678000000.0,5647000000.0,13354000000.0,3044000000.0,3044000000.0,,,,3724000000.0,,,,,,,,1261000000.0,7323000000.0,,,,,1923000000.0,,,101611000000.0,101628000000.0,13500000000.0,10793000000.0,81819000000.0,-4484000000.0,-202000000.0,185000000.0,14585000000.0,5274000000.0,9311000000.0,63.83956119300651,6357000000.0,2954000000.0,20.25368529310936,384000000.0,,38000000.0,180000000.0,,131000000.0,43000000.0,,3207000000.0,37000000.0,,,7000000.0,,,7000000.0,3237000000.0,812000000.0,25.084955205437133,2424000000.0,16000000.0,2407000000.0,16.50325677065478,,3237000000.0,,,,,,,,,,,,,,,,,,,,,,,,,,,,,0.0,65400000000.0,7700000000.0,7900000000.0,6000000000.0,,136.64298763726268,2274.229022661143,7700000000.0,2954000000.0,6.0083213377240545,5.753942026248701,0.5042726655709017,1.2056967641433163,4.983277318483266,5.184313505739075,1.4510411955514364,0.0,43.585875899897154,0.0,0.0,1.4556533513879486,68.69767441860465,22.301223241590215,38.36363636363637,40.11666666666667,348.40589646897496,160.66350710900474,149.27295388450355,15.33989156833403,3.650380268214766,83.66346668396388,451.5127773303068,40.6773083400454,44879000000.0,494.49893567422527,1.837679172750842,4.617749756723826,1.0988697358392656,164.39592430858806,-13112000000.0,19.49007964560064,0.05567605939305503,530.4702710798263,-2.151624548736462,101426000000.0,82.93959391278038,2377000000.0,,,,"{'segments': [{'name': 'DomesticWholesaling', 'type': 'Segment'}, {'name': 'OverseasWholesaling', 'type': 'Segment'}, {'name': 'Retailing', 'type': 'Segment'}, {'name': 'Total', 'type': 'Total'}, {'name': 'Reconcile', 'type': 'Reconcile'}, {'name': 'NotInclude', 'type': 'NotInclude'}], 'periods': [{'name': 'Prior1YTDDuration', 'start_date': '2018-06-01', 'end_date': '2018-08-31'}, {'name': 'CurrentYTDDuration', 'start_date': '2019-06-01', 'end_date': '2019-08-31'}], 'values': [{'segment': 'DomesticWholesaling', 'period': 'Prior1YTDDuration', 'net_sales': '5208000000', 'operating_income': '2469000000', 'revenues_from_external_customers': '5104000000', 'transactions_with_other_segments': '103000000'}, {'segment': 'OverseasWholesaling', 'period': 'Prior1YTDDuration', 'net_sales': '8351000000', 'operating_income': '2754000000', 'revenues_from_external_customers': '8132000000', 'transactions_with_other_segments': '219000000'}, {'segment': 'Retailing', 'period': 'Prior1YTDDuration', 'net_sales': '1202000000', 'operating_income': '-143000000', 'revenues_from_external_customers': '1202000000', 'transactions_with_other_segments': '0'}, {'segment': 'Total', 'period': 'Prior1YTDDuration', 'net_sales': '14762000000', 'operating_income': '5080000000', 'revenues_from_external_customers': '14439000000', 'transactions_with_other_segments': '323000000'}, {'segment': 'Reconcile', 'period': 'CurrentYTDDuration', 'net_sales': '-648000000', 'operating_income': '-2117000000', 'revenues_from_external_customers': None, 'transactions_with_other_segments': '-648000000'}, {'segment': 'NotInclude', 'period': 'CurrentYTDDuration', 'net_sales': '638000000', 'operating_income': '6000000', 'revenues_from_external_customers': '585000000', 'transactions_with_other_segments': '53000000'}, {'segment': 'Total', 'period': 'CurrentYTDDuration', 'net_sales': '14595000000', 'operating_income': '5065000000', 'revenues_from_external_customers': '14000000000', 'transactions_with_other_segments': '594000000'}, {'segment': 'Retailing', 'period': 'CurrentYTDDuration', 'net_sales': '1168000000', 'operating_income': '44000000', 'revenues_from_external_customers': '1168000000', 'transactions_with_other_segments': '0'}, {'segment': 'OverseasWholesaling', 'period': 'CurrentYTDDuration', 'net_sales': '8322000000', 'operating_income': '2712000000', 'revenues_from_external_customers': '7818000000', 'transactions_with_other_segments': '503000000'}, {'segment': 'DomesticWholesaling', 'period': 'CurrentYTDDuration', 'net_sales': '5104000000', 'operating_income': '2307000000', 'revenues_from_external_customers': '5013000000', 'transactions_with_other_segments': '91000000'}, {'segment': 'Reconcile', 'period': 'Prior1YTDDuration', 'net_sales': '-339000000', 'operating_income': '-2153000000', 'revenues_from_external_customers': None, 'transactions_with_other_segments': '-339000000'}, {'segment': 'NotInclude', 'period': 'Prior1YTDDuration', 'net_sales': '146000000', 'operating_income': '-32000000', 'revenues_from_external_customers': '129000000', 'transactions_with_other_segments': '16000000'}]}",,,2019.0,1.0,2019-10-07 15:43:00+00:00
1,株式会社　サカタのタネ,代表取締役社長　　坂田　宏,神奈川県横浜市都筑区仲町台二丁目７番１号,2019-11-30T00:00:00.000Z,2020-01-10T15:01:00.000Z,2020-01-10T15:01:00.000Z,2020-01-09T15:00:00.000Z,【E00006】株式会社　サカタのタネ 四半期報告書－第79期第2四半期(令和1年9月1日－令和1年11月30日),【13770】株式会社　サカタのタネ 2020年５月期　第２四半期決算短信 [日本基準]（連結） ,Japan GAAP,44597956.0,47410750.0,2812794.0,124754000000.0,71848000000.0,20280000000.0,12720000000.0,12720000000.0,,,,34386000000.0,30311000000.0,1836000000.0,2239000000.0,,,-239000000.0,52906000000.0,33312000000.0,31939000000.0,12968000000.0,13941000000.0,1404000000.0,2538000000.0,,17056000000.0,14769000000.0,,-93000000.0,,22410000000.0,5669000000.0,14870000000.0,4851000000.0,4851000000.0,,,,3810000000.0,,,,,,,,1375000000.0,7539000000.0,,,,,1859000000.0,,,102344000000.0,102317000000.0,13500000000.0,10793000000.0,82508000000.0,-4485000000.0,-155000000.0,182000000.0,28668000000.0,11612000000.0,17055000000.0,59.49141900376727,13215000000.0,3840000000.0,13.394725826705734,601000000.0,,76000000.0,214000000.0,,131000000.0,86000000.0,,4310000000.0,37000000.0,,,18000000.0,,,18000000.0,4329000000.0,1213000000.0,28.02032802032802,3115000000.0,17000000.0,3097000000.0,10.802985907632204,3053000000.0,4329000000.0,1106000000.0,25000000.0,2839000000.0,-2989000000.0,213000000.0,-1206000000.0,-1352000000.0,67000000.0,-625000000.0,,,,,,-100000000.0,,,,-222000000.0,601000000.0,260000000.0,-119000000.0,,,-2000000.0,,-803000000.0,-319000000.0,5030000000.0,63500000000.0,7700000000.0,7900000000.0,6000000000.0,,136.6430335955307,2290.7327860496566,8831000000.0,4971000000.0,5.965035923337444,5.714178551670464,0.4943087997178447,1.221138975352871,4.884813312599196,5.147870278491343,1.4405870558524696,10.6495046742012,46.09669317706153,6.484901788331868,0.0,2.2395833333333335,44.651162790697676,45.14645669291338,49.87012987012987,51.61666666666667,121.50132551974329,100.52083333333334,93.73587342589602,16.255991791846352,3.946357046718666,75.28824168518008,459.5039174049938,64.82444900051256,42255000000.0,469.9677100896613,1.8511947646493756,4.544142873174407,1.103150793779493,165.0363901018923,-14611000000.0,20.97744994336744,0.05549029972005247,483.1741761936786,-2.3976042008532983,102162000000.0,81.8907610176828,25000000.0,,,,"{'segments': [{'name': 'Reconcile', 'type': 'Reconcile'}, {'name': 'NotInclude', 'type': 'NotInclude'}, {'name': 'DomesticWholesaling', 'type': 'Segment'}, {'name': 'OverseasWholesaling', 'type': 'Segment'}, {'name': 'Retailing', 'type': 'Segment'}, {'name': 'Total', 'type': 'Total'}], 'periods': [{'name': 'Prior1YTDDuration', 'start_date': '2018-06-01', 'end_date': '2018-11-30'}, {'name': 'CurrentYTDDuration', 'start_date': '2019-06-01', 'end_date': '2019-11-30'}], 'values': [{'segment': 'Reconcile', 'period': 'Prior1YTDDuration', 'net_sales': '-1024000000', 'operating_income': '-4057000000', 'revenues_from_external_customers': None, 'transactions_with_other_segments': '-1024000000'}, {'segment': 'NotInclude', 'period': 'Prior1YTDDuration', 'net_sales': '544000000', 'operating_income': '-63000000', 'revenues_from_external_customers': '507000000', 'transactions_with_other_segments': '37000000'}, {'segment': 'DomesticWholesaling', 'period': 'Prior1YTDDuration', 'net_sales': '8666000000', 'operating_income': '2779000000', 'revenues_from_external_customers': '8466000000', 'transactions_with_other_segments': '199000000'}, {'segment': 'OverseasWholesaling', 'period': 'Prior1YTDDuration', 'net_sales': '18478000000', 'operating_income': '5364000000', 'revenues_from_external_customers': '17690000000', 'transactions_with_other_segments': '788000000'}, {'segment': 'Retailing', 'period': 'Prior1YTDDuration', 'net_sales': '2471000000', 'operating_income': '-178000000', 'revenues_from_external_customers': '2470000000', 'transactions_with_other_segments': '0'}, {'segment': 'Total', 'period': 'Prior1YTDDuration', 'net_sales': '29616000000', 'operating_income': '7965000000', 'revenues_from_external_customers': '28628000000', 'transactions_with_other_segments': '987000000'}, {'segment': 'Reconcile', 'period': 'CurrentYTDDuration', 'net_sales': '-850000000', 'operating_income': '-4287000000', 'revenues_from_external_customers': None, 'transactions_with_other_segments': '-850000000'}, {'segment': 'NotInclude', 'period': 'CurrentYTDDuration', 'net_sales': '1219000000', 'operating_income': '3000000', 'revenues_from_external_customers': '1132000000', 'transactions_with_other_segments': '86000000'}, {'segment': 'Total', 'period': 'CurrentYTDDuration', 'net_sales': '28299000000', 'operating_income': '8123000000', 'revenues_from_external_customers': '27536000000', 'transactions_with_other_segments': '763000000'}, {'segment': 'Retailing', 'period': 'CurrentYTDDuration', 'net_sales': '2258000000', 'operating_income': '89000000', 'revenues_from_external_customers': '2258000000', 'transactions_with_other_segments': '0'}, {'segment': 'OverseasWholesaling', 'period': 'CurrentYTDDuration', 'net_sales': '17874000000', 'operating_income': '5389000000', 'revenues_from_external_customers': '17301000000', 'transactions_with_other_segments': '573000000'}, {'segment': 'DomesticWholesaling', 'period': 'CurrentYTDDuration', 'net_sales': '8165000000', 'operating_income': '2644000000', 'revenues_from_external_customers': '7976000000', 'transactions_with_other_segments': '189000000'}]}",,,2019.0,2.0,2020-01-10 15:01:00+00:00
2,株式会社　サカタのタネ,代表取締役社長　　坂田　宏,神奈川県横浜市都筑区仲町台二丁目７番１号,2020-02-29T00:00:00.000Z,2020-04-06T15:02:00.000Z,2020-04-06T15:02:00.000Z,2020-04-03T15:00:00.000Z,【E00006】株式会社　サカタのタネ 四半期報告書－第79期第3四半期(令和1年12月1日－令和2年2月29日),【13770】株式会社　サカタのタネ 2020年５月期　第３四半期決算短信 [日本基準]（連結）,Japan GAAP,44597723.0,47410750.0,2813027.0,125406000000.0,73904000000.0,18943000000.0,13344000000.0,13344000000.0,,,,36220000000.0,31682000000.0,2208000000.0,2330000000.0,,,-250000000.0,51501000000.0,33560000000.0,32429000000.0,13929000000.0,13855000000.0,934000000.0,2788000000.0,,15151000000.0,12853000000.0,,-83000000.0,,22552000000.0,5744000000.0,15612000000.0,5186000000.0,5186000000.0,,,,4037000000.0,,,,,,,,1489000000.0,6940000000.0,,,,,1707000000.0,,,102853000000.0,103302000000.0,13500000000.0,10793000000.0,83494000000.0,-4486000000.0,-636000000.0,187000000.0,43686000000.0,17918000000.0,25767000000.0,58.98228265348166,20068000000.0,5698000000.0,13.043080162981276,804000000.0,,121000000.0,294000000.0,,213000000.0,127000000.0,,6289000000.0,164000000.0,,,26000000.0,,,26000000.0,6427000000.0,1654000000.0,25.735179710595922,4772000000.0,19000000.0,4753000000.0,10.879915762486837,,6427000000.0,,,,,,,,,,,,,,,,,,,,,,,,,,,,,0.0,63500000000.0,7700000000.0,7900000000.0,6000000000.0,,136.64374748459693,2302.045779332725,7700000000.0,5698000000.0,5.935752829563828,5.687248021502165,0.49173883227277804,1.2214949447723686,4.859416614835016,5.120376349045291,1.4335075477762842,0.0,45.93691342764272,0.0,0.0,2.2288522288522286,44.86614173228347,68.7968503937008,74.0,79.21666666666667,45.35549146179554,35.13513513513513,26.23606143488324,15.105337862622203,3.686185480078486,78.98162712633986,484.0118620487662,69.3010910155964,44378000000.0,493.6923981595097,1.8375148986889154,4.580323110536976,1.1177453094848135,167.2197962154294,-13199000000.0,21.010070896878116,0.05594841524944967,473.37945170381755,-2.1659008861174924,102666000000.0,81.8668963207502,4615000000.0,,,,"{'segments': [{'name': 'Reconcile', 'type': 'Reconcile'}, {'name': 'Retailing', 'type': 'Segment'}, {'name': 'Total', 'type': 'Total'}, {'name': 'NotInclude', 'type': 'NotInclude'}, {'name': 'OverseasWholesaling', 'type': 'Segment'}, {'name': 'DomesticWholesaling', 'type': 'Segment'}], 'periods': [{'name': 'Prior1YTDDuration', 'start_date': '2018-06-01', 'end_date': '2019-02-28'}, {'name': 'CurrentYTDDuration', 'start_date': '2019-06-01', 'end_date': '2020-02-29'}], 'values': [{'segment': 'Reconcile', 'period': 'Prior1YTDDuration', 'net_sales': '-1478000000', 'operating_income': '-6209000000', 'revenues_from_external_customers': None, 'transactions_with_other_segments': '-1478000000'}, {'segment': 'Retailing', 'period': 'Prior1YTDDuration', 'net_sales': '3708000000', 'operating_income': '-136000000', 'revenues_from_external_customers': '3708000000', 'transactions_with_other_segments': '0'}, {'segment': 'Total', 'period': 'Prior1YTDDuration', 'net_sales': '44349000000', 'operating_income': '12220000000', 'revenues_from_external_customers': '42935000000', 'transactions_with_other_segments': '1413000000'}, {'segment': 'Reconcile', 'period': 'CurrentYTDDuration', 'net_sales': '-1576000000', 'operating_income': '-6351000000', 'revenues_from_external_customers': None, 'transactions_with_other_segments': '-1576000000'}, {'segment': 'NotInclude', 'period': 'CurrentYTDDuration', 'net_sales': '1545000000', 'operating_income': '-27000000', 'revenues_from_external_customers': '1425000000', 'transactions_with_other_segments': '119000000'}, {'segment': 'Total', 'period': 'CurrentYTDDuration', 'net_sales': '43716000000', 'operating_income': '12077000000', 'revenues_from_external_customers': '42260000000', 'transactions_with_other_segments': '1456000000'}, {'segment': 'Retailing', 'period': 'CurrentYTDDuration', 'net_sales': '3446000000', 'operating_income': '-67000000', 'revenues_from_external_customers': '3445000000', 'transactions_with_other_segments': '0'}, {'segment': 'OverseasWholesaling', 'period': 'CurrentYTDDuration', 'net_sales': '27498000000', 'operating_income': '7529000000', 'revenues_from_external_customers': '26355000000', 'transactions_with_other_segments': '1143000000'}, {'segment': 'DomesticWholesaling', 'period': 'CurrentYTDDuration', 'net_sales': '12771000000', 'operating_income': '4615000000', 'revenues_from_external_customers': '12459000000', 'transactions_with_other_segments': '312000000'}, {'segment': 'NotInclude', 'period': 'Prior1YTDDuration', 'net_sales': '862000000', 'operating_income': '-144000000', 'revenues_from_external_customers': '797000000', 'transactions_with_other_segments': '65000000'}, {'segment': 'DomesticWholesaling', 'period': 'Prior1YTDDuration', 'net_sales': '13429000000', 'operating_income': '4618000000', 'revenues_from_external_customers': '13094000000', 'transactions_with_other_segments': '334000000'}, {'segment': 'OverseasWholesaling', 'period': 'Prior1YTDDuration', 'net_sales': '27210000000', 'operating_income': '7738000000', 'revenues_from_external_customers': '26132000000', 'transactions_with_other_segments': '1078000000'}]}",,,2019.0,3.0,2020-04-06 15:02:00+00:00
4,株式会社　サカタのタネ,代表取締役社長　坂田　宏,神奈川県横浜市都筑区仲町台二丁目７番１号,2017-11-30T00:00:00.000Z,2018-01-15T09:13:00.000Z,2018-01-15T09:13:00.000Z,2018-01-12T15:00:00.000Z,【E00006】株式会社　サカタのタネ 四半期報告書－第77期第2四半期(平成29年9月1日－平成29年11月30日),【13770】株式会社　サカタのタネ 平成30年５月期　第２四半期決算短信 [日本基準]（連結）,Japan GAAP,45000563.0,48410750.0,3410187.0,120086000000.0,74159000000.0,24436000000.0,12197000000.0,12197000000.0,,,,31204000000.0,26716000000.0,1974000000.0,2514000000.0,,2658000000.0,-246000000.0,45926000000.0,29191000000.0,29654000000.0,11965000000.0,14230000000.0,1293000000.0,698000000.0,,16037000000.0,15113000000.0,208000000.0,-103000000.0,,21527000000.0,4766000000.0,13728000000.0,3817000000.0,3817000000.0,,,,3545000000.0,,,,,,,,1437000000.0,7798000000.0,,,,,1221000000.0,,2580000000.0,98559000000.0,94423000000.0,13500000000.0,10793000000.0,74614000000.0,-4484000000.0,3978000000.0,157000000.0,29778000000.0,12349000000.0,17428000000.0,58.52642890724696,13035000000.0,4393000000.0,14.752501847001142,392000000.0,,55000000.0,173000000.0,,137000000.0,47000000.0,,4649000000.0,315000000.0,315000000.0,,10000000.0,,,10000000.0,4954000000.0,1483000000.0,29.93540573274122,3471000000.0,13000000.0,3457000000.0,11.6092417220767,3372000000.0,4954000000.0,913000000.0,,3110000000.0,-1218000000.0,-2230000000.0,-987000000.0,-1654000000.0,917000000.0,-73000000.0,,,,,,-100000000.0,,,,-461000000.0,1547000000.0,,-1131000000.0,,,-3000000.0,,-809000000.0,247000000.0,5099000000.0,62200000000.0,7400000000.0,7600000000.0,5400000000.0,,128.15395220722016,2186.683753267709,8313000000.0,5306000000.0,5.86065323875531,5.605232976303871,0.5197275286045001,1.2203613747688056,4.802391619339473,5.108173076923077,1.371940499176846,11.323796091073946,43.77392706024582,5.238696350700023,0.0,1.069883906214432,93.46808510638297,47.87459807073955,59.36486486486486,64.01851851851852,108.8790382161327,68.44980651035739,56.20480185131618,20.348750062455238,4.698327244760623,71.33091392680895,405.4631541473834,49.59789960840157,39584000000.0,427.1961684657908,2.138056250214107,3.9688223439868096,0.9163622380311478,103.22720381199912,-19670000000.0,20.891278398338557,0.04843397491920896,540.2025058275059,-3.4107855037281083,98402000000.0,81.94294089236047,-220000000.0,,,,"{'segments': [{'name': 'Reconcile', 'type': 'Reconcile'}, {'name': 'NotInclude', 'type': 'NotInclude'}, {'name': 'DomesticWholesaling', 'type': 'Segment'}, {'name': 'OverseasWholesaling', 'type': 'Segment'}, {'name': 'Retailing', 'type': 'Segment'}, {'name': 'Total', 'type': 'Total'}], 'periods': [{'name': 'Prior1YTDDuration', 'start_date': '2016-06-01', 'end_date': '2016-11-30'}, {'name': 'CurrentYTDDuration', 'start_date': '2017-06-01', 'end_date': '2017-11-30'}], 'values': [{'segment': 'Reconcile', 'period': 'Prior1YTDDuration', 'net_sales': '-1725000000', 'operating_income': '-3703000000', 'revenues_from_external_customers': None, 'transactions_with_other_segments': '-1725000000'}, {'segment': 'NotInclude', 'period': 'Prior1YTDDuration', 'net_sales': '400000000', 'operating_income': '-32000000', 'revenues_from_external_customers': '380000000', 'transactions_with_other_segments': '20000000'}, {'segment': 'DomesticWholesaling', 'period': 'Prior1YTDDuration', 'net_sales': '8365000000', 'operating_income': '3157000000', 'revenues_from_external_customers': '8050000000', 'transactions_with_other_segments': '314000000'}, {'segment': 'OverseasWholesaling', 'period': 'Prior1YTDDuration', 'net_sales': '17880000000', 'operating_income': '6526000000', 'revenues_from_external_customers': '16489000000', 'transactions_with_other_segments': '1390000000'}, {'segment': 'Retailing', 'period': 'Prior1YTDDuration', 'net_sales': '3300000000', 'operating_income': '-346000000', 'revenues_from_external_customers': '3300000000', 'transactions_with_other_segments': '0'}, {'segment': 'Total', 'period': 'Prior1YTDDuration', 'net_sales': '29546000000', 'operating_income': '9337000000', 'revenues_from_external_customers': '27841000000', 'transactions_with_other_segments': '1705000000'}, {'segment': 'Reconcile', 'period': 'CurrentYTDDuration', 'net_sales': '-1035000000', 'operating_income': '-4059000000', 'revenues_from_external_customers': None, 'transactions_with_other_segments': '-1035000000'}, {'segment': 'NotInclude', 'period': 'CurrentYTDDuration', 'net_sales': '492000000', 'operating_income': '-14000000', 'revenues_from_external_customers': '461000000', 'transactions_with_other_segments': '31000000'}, {'segment': 'Total', 'period': 'CurrentYTDDuration', 'net_sales': '30320000000', 'operating_income': '8467000000', 'revenues_from_external_customers': '29316000000', 'transactions_with_other_segments': '1004000000'}, {'segment': 'Retailing', 'period': 'CurrentYTDDuration', 'net_sales': '2862000000', 'operating_income': '-239000000', 'revenues_from_external_customers': '2862000000', 'transactions_with_other_segments': '0'}, {'segment': 'OverseasWholesaling', 'period': 'CurrentYTDDuration', 'net_sales': '19353000000', 'operating_income': '5896000000', 'revenues_from_external_customers': '18534000000', 'transactions_with_other_segments': '819000000'}, {'segment': 'DomesticWholesaling', 'period': 'CurrentYTDDuration', 'net_sales': '8104000000', 'operating_income': '2810000000', 'revenues_from_external_customers': '7919000000', 'transactions_with_other_segments': '184000000'}]}",,,2017.0,2.0,2018-01-15 09:13:00+00:00
5,株式会社　サカタのタネ,代表取締役社長　坂田　宏,神奈川県横浜市都筑区仲町台二丁目７番１号,2018-02-28T00:00:00.000Z,2018-04-09T09:22:00.000Z,2018-04-09T09:22:00.000Z,2018-04-06T15:00:00.000Z,【E00006】株式会社　サカタのタネ 四半期報告書－第77期第3四半期(平成29年12月1日－平成30年2月28日),【13770】株式会社　サカタのタネ 平成30年５月期　第３四半期決算短信 [日本基準]（連結）,Japan GAAP,44999482.0,48410750.0,3411268.0,123998000000.0,76201000000.0,22827000000.0,13917000000.0,13917000000.0,,,,32742000000.0,27714000000.0,2402000000.0,2626000000.0,,2089000000.0,-261000000.0,47797000000.0,30098000000.0,29891000000.0,12260000000.0,14261000000.0,2049000000.0,1382000000.0,,16316000000.0,15342000000.0,284000000.0,-101000000.0,,23595000000.0,5361000000.0,16085000000.0,5343000000.0,5343000000.0,,,,4184000000.0,,,,,,,,1731000000.0,7510000000.0,,,,,1177000000.0,,2563000000.0,100403000000.0,95610000000.0,13500000000.0,10794000000.0,75806000000.0,-4489000000.0,4635000000.0,156000000.0,45284000000.0,18564000000.0,26719000000.0,59.00317993110149,19954000000.0,6765000000.0,14.939051320554722,609000000.0,,87000000.0,248000000.0,,299000000.0,75000000.0,,7074000000.0,310000000.0,310000000.0,,90000000.0,,,28000000.0,7295000000.0,2184000000.0,29.93831391363948,5110000000.0,11000000.0,5098000000.0,11.257839413479374,,7295000000.0,,,,,,,,,,,,,,,,,,,,,,,,,,,,,0.0,62200000000.0,7400000000.0,7600000000.0,5400000000.0,,128.1570307853766,2227.7367548364223,7400000000.0,6765000000.0,5.7527906072002155,5.506225175679805,0.50333069888224,1.2369247957544864,4.650881465830094,4.990152261192335,1.3466582142108992,0.0,44.064128610546774,0.0,0.0,1.1086474501108647,90.2,72.80385852090032,91.41891891891892,94.4074074074074,37.35535730059183,9.386548410938644,5.923891722244012,18.409167889804674,4.388963660834455,81.38987694674101,425.44784620861515,69.42666429334282,41316000000.0,437.41105886201336,2.0736261545617647,4.32345682994887,1.030763314747164,116.11435997400909,-17466000000.0,22.494565839148837,0.05347790956337845,473.7395088591856,-3.0286110629443384,100247000000.0,80.8456588009484,4878000000.0,,,,"{'segments': [{'name': 'Reconcile', 'type': 'Reconcile'}, {'name': 'Retailing', 'type': 'Segment'}, {'name': 'Total', 'type': 'Total'}, {'name': 'NotInclude', 'type': 'NotInclude'}, {'name': 'OverseasWholesaling', 'type': 'Segment'}, {'name': 'DomesticWholesaling', 'type': 'Segment'}], 'periods': [{'name': 'Prior1YTDDuration', 'start_date': '2016-06-01', 'end_date': '2017-02-28'}, {'name': 'CurrentYTDDuration', 'start_date': '2017-06-01', 'end_date': '2018-02-28'}], 'values': [{'segment': 'Reconcile', 'period': 'Prior1YTDDuration', 'net_sales': '-2232000000', 'operating_income': '-5430000000', 'revenues_from_external_customers': None, 'transactions_with_other_segments': '-2232000000'}, {'segment': 'Retailing', 'period': 'Prior1YTDDuration', 'net_sales': '4986000000', 'operating_income': '-150000000', 'revenues_from_external_customers': '4985000000', 'transactions_with_other_segments': '0'}, {'segment': 'Total', 'period': 'Prior1YTDDuration', 'net_sales': '45956000000', 'operating_income': '13138000000', 'revenues_from_external_customers': '43754000000', 'transactions_with_other_segments': '2202000000'}, {'segment': 'Reconcile', 'period': 'CurrentYTDDuration', 'net_sales': '-1763000000', 'operating_income': '-6143000000', 'revenues_from_external_customers': None, 'transactions_with_other_segments': '-1763000000'}, {'segment': 'NotInclude', 'period': 'CurrentYTDDuration', 'net_sales': '612000000', 'operating_income': '-56000000', 'revenues_from_external_customers': '567000000', 'transactions_with_other_segments': '45000000'}, {'segment': 'Total', 'period': 'CurrentYTDDuration', 'net_sales': '46435000000', 'operating_income': '12965000000', 'revenues_from_external_customers': '44717000000', 'transactions_with_other_segments': '1717000000'}, {'segment': 'Retailing', 'period': 'CurrentYTDDuration', 'net_sales': '4361000000', 'operating_income': '-210000000', 'revenues_from_external_customers': '4360000000', 'transactions_with_other_segments': '0'}, {'segment': 'OverseasWholesaling', 'period': 'CurrentYTDDuration', 'net_sales': '29198000000', 'operating_income': '8532000000', 'revenues_from_external_customers': '27777000000', 'transactions_with_other_segments': '1421000000'}, {'segment': 'DomesticWholesaling', 'period': 'CurrentYTDDuration', 'net_sales': '12874000000', 'operating_income': '4643000000', 'revenues_from_external_customers': '12578000000', 'transactions_with_other_segments': '296000000'}, {'segment': 'NotInclude', 'period': 'Prior1YTDDuration', 'net_sales': '581000000', 'operating_income': '-60000000', 'revenues_from_external_customers': '551000000', 'transactions_with_other_segments': '30000000'}, {'segment': 'DomesticWholesaling', 'period': 'Prior1YTDDuration', 'net_sales': '13058000000', 'operating_income': '4882000000', 'revenues_from_external_customers': '12577000000', 'transactions_with_other_segments': '481000000'}, {'segment': 'OverseasWholesaling', 'period': 'Prior1YTDDuration', 'net_sales': '27912000000', 'operating_income': '8406000000', 'revenues_from_external_customers': '26191000000', 'transactions_with_other_segments': '1720000000'}]}",,,2017.0,3.0,2018-04-09 09:22:00+00:00
6,株式会社　サカタのタネ,代表取締役社長　坂田　宏,神奈川県横浜市都筑区仲町台二丁目７番１号,2018-05-31T00:00:00.000Z,2018-08-28T13:04:00.000Z,2018-08-28T13:04:00.000Z,2018-07-11T15:00:00.000Z,【E00006】株式会社　サカタのタネ 有価証券報告書－第77期(平成29年6月1日－平成30年5月31日),【13770】株式会社　サカタのタネ 平成30年５月期決算短信[日本基準]（連結）,Japan GAAP,44999329.0,48410750.0,3411421.0,120868000000.0,70769000000.0,21217000000.0,15224000000.0,15224000000.0,,,50000000.0,30999000000.0,25821000000.0,2705000000.0,2473000000.0,,2185000000.0,-249000000.0,50098000000.0,30699000000.0,29506000000.0,12260000000.0,14021000000.0,2926000000.0,1308000000.0,,18090000000.0,15624000000.0,1685000000.0,-72000000.0,,21213000000.0,4897000000.0,14441000000.0,4450000000.0,4450000000.0,,,,3636000000.0,,,,,,,,769000000.0,6772000000.0,,,,,1261000000.0,,1902000000.0,99654000000.0,96278000000.0,13500000000.0,10794000000.0,76474000000.0,-4489000000.0,3206000000.0,169000000.0,62412000000.0,28090000000.0,34321000000.0,54.99102736653208,26767000000.0,7553000000.0,12.101839389860924,784000000.0,,133000000.0,267000000.0,,457000000.0,105000000.0,,7880000000.0,407000000.0,305000000.0,,211000000.0,,,127000000.0,8076000000.0,2283000000.0,28.26894502228826,5793000000.0,25000000.0,5767000000.0,9.240210215984106,4617000000.0,8076000000.0,1880000000.0,,-229000000.0,-1589000000.0,-983000000.0,-4909000000.0,-4479000000.0,919000000.0,-925000000.0,,,,,,-400000000.0,,,,-646000000.0,1764000000.0,189000000.0,-1235000000.0,,,-8000000.0,,-1237000000.0,105000000.0,10021000000.0,66200000000.0,7300000000.0,7700000000.0,6100000000.0,30.0,128.15746652577863,2210.8107434224185,9180000000.0,9433000000.0,5.796853797054832,5.546578952430416,0.5132059336249712,1.2149369251645976,4.742130710785119,5.048763196719741,1.3569682565210837,7.397615843107094,42.88758572069474,5.47769587133242,0.0,1.3901760889712698,71.93333333333334,94.27794561933534,103.46575342465754,94.54098360655738,6.06934563865924,-3.349662385806962,5.774232703311943,17.553860409703148,4.079407806191117,89.0335191950266,402.7993948024208,57.82306870772517,41773000000.0,434.00984528972225,2.033030391869442,4.051527285964855,0.9415497019803883,106.06454407623997,-16320000000.0,20.369107861306087,0.04922350103030607,490.0560902984558,-2.8298942257672968,99485000000.0,82.30879968229804,954000000.0,2364.0,26401015.228426397,3195008.4602368865,"{'segments': [{'name': 'Reconcile', 'type': 'Reconcile'}, {'name': 'NotInclude', 'type': 'NotInclude'}, {'name': 'Total', 'type': 'Total'}, {'name': 'Retailing', 'type': 'Segment'}, {'name': 'OverseasWholesaling', 'type': 'Segment'}, {'name': 'DomesticWholesaling', 'type': 'Segment'}], 'periods': [{'name': 'Prior1YearDuration', 'start_date': '2016-06-01', 'end_date': '2017-05-31'}, {'name': 'Prior1YearInstant', 'instant': '2017-05-31'}, {'name': 'CurrentYearDuration', 'start_date': '2017-06-01', 'end_date': '2018-05-31'}, {'name': 'CurrentYearInstant', 'instant': '2018-05-31'}], 'values': [{'segment': 'Reconcile', 'period': 'Prior1YearDuration', 'net_sales': '-3472000000', 'operating_income': '-8092000000', 'revenues_from_external_customers': None, 'transactions_with_other_segments': '-3472000000'}, {'segment': 'NotInclude', 'period': 'CurrentYearDuration', 'net_sales': '1264000000', 'operating_income': '7000000', 'revenues_from_external_customers': '1197000000', 'transactions_with_other_segments': '66000000'}, {'segment': 'Total', 'period': 'CurrentYearDuration', 'net_sales': '64512000000', 'operating_income': '16392000000', 'revenues_from_external_customers': '61214000000', 'transactions_with_other_segments': '3297000000'}, {'segment': 'Retailing', 'period': 'CurrentYearDuration', 'net_sales': '7103000000', 'operating_income': '51000000', 'revenues_from_external_customers': '7102000000', 'transactions_with_other_segments': '0'}, {'segment': 'OverseasWholesaling', 'period': 'CurrentYearDuration', 'net_sales': '40183000000', 'operating_income': '11174000000', 'revenues_from_external_customers': '37274000000', 'transactions_with_other_segments': '2909000000'}, {'segment': 'DomesticWholesaling', 'period': 'CurrentYearDuration', 'net_sales': '17225000000', 'operating_income': '5166000000', 'revenues_from_external_customers': '16837000000', 'transactions_with_other_segments': '388000000'}, {'segment': 'Total', 'period': 'Prior1YearDuration', 'net_sales': '63651000000', 'operating_income': '15731000000', 'revenues_from_external_customers': '60228000000', 'transactions_with_other_segments': '3423000000'}, {'segment': 'Reconcile', 'period': 'CurrentYearDuration', 'net_sales': '-3364000000', 'operating_income': '-8846000000', 'revenues_from_external_customers': None, 'transactions_with_other_segments': '-3364000000'}, {'segment': 'NotInclude', 'period': 'Prior1YearDuration', 'net_sales': '1665000000', 'operating_income': '63000000', 'revenues_from_external_customers': '1615000000', 'transactions_with_other_segments': '49000000'}, {'segment': 'DomesticWholesaling', 'period': 'Prior1YearDuration', 'net_sales': '17393000000', 'operating_income': '5296000000', 'revenues_from_external_customers': '16707000000', 'transactions_with_other_segments': '685000000'}, {'segment': 'OverseasWholesaling', 'period': 'Prior1YearDuration', 'net_sales': '38035000000', 'operating_income': '10369000000', 'revenues_from_external_customers': '35299000000', 'transactions_with_other_segments': '2736000000'}, {'segment': 'Retailing', 'period': 'Prior1YearDuration', 'net_sales': '8221000000', 'operating_income': '65000000', 'revenues_from_external_customers': '8221000000', 'transactions_with_other_segments': '0'}]}",5525000000.0,,2017.0,4.0,2018-08-28 13:04:00+00:00
7,株式会社　サカタのタネ,代表取締役社長　　坂田　宏,神奈川県横浜市都筑区仲町台二丁目７番１号,2018-08-31T00:00:00.000Z,2018-10-09T13:04:00.000Z,2018-10-09T13:04:00.000Z,2018-10-05T15:00:00.000Z,【E00006】株式会社　サカタのタネ 四半期報告書－第78期第1四半期(平成30年6月1日－平成30年8月31日),【13770】株式会社　サカタのタネ 2019年５月期　第１四半期決算短信 [日本基準]（連結） ,Japan GAAP,44999125.0,48410750.0,3411625.0,120535000000.0,70050000000.0,20519000000.0,14259000000.0,14259000000.0,,,50000000.0,31638000000.0,26405000000.0,2861000000.0,2372000000.0,,,-249000000.0,50485000000.0,31251000000.0,29606000000.0,12656000000.0,14065000000.0,3179000000.0,1308000000.0,,17925000000.0,15350000000.0,1576000000.0,-72000000.0,,20368000000.0,5152000000.0,13956000000.0,3763000000.0,3763000000.0,,,,3945000000.0,,,,,,,,1250000000.0,6411000000.0,,,,,1207000000.0,,1738000000.0,100167000000.0,97568000000.0,13500000000.0,10794000000.0,77765000000.0,-4490000000.0,2429000000.0,168000000.0,14568000000.0,5125000000.0,9442000000.0,64.81328940142778,6548000000.0,2894000000.0,19.86545853926414,393000000.0,,30000000.0,152000000.0,,46000000.0,25000000.0,,3241000000.0,,,,46000000.0,,,46000000.0,3195000000.0,940000000.0,29.420970266040687,2254000000.0,10000000.0,2244000000.0,15.403624382207578,,3195000000.0,,,,,,,,,,,,,,,,,,,,,,,,,,,,,0.0,66200000000.0,7300000000.0,7700000000.0,6100000000.0,,152.35851808229606,2222.2432102846446,7300000000.0,2894000000.0,6.856068560685608,6.561456229842376,0.5205624922221761,1.2053620536205363,5.687974447255984,4.939563104487831,1.4849859748597487,0.0,44.94783086216365,0.0,0.0,0.8638562543192813,115.76,22.006042296072508,39.64383561643836,36.78688524590164,354.42064799560677,152.24602626123013,171.83600713012476,17.023271249014808,3.9242023395913685,82.94608421253945,422.68923865300144,50.274341142020496,42134000000.0,455.3609817235204,2.0078077501519953,4.274277180901813,0.9853058362286042,93.13087490961678,-15367000000.0,19.461670026849614,0.05152051520515205,501.93465176268273,-2.241394399066511,99999000000.0,82.96262496370349,2290000000.0,,,,"{'segments': [{'name': 'Reconcile', 'type': 'Reconcile'}, {'name': 'NotInclude', 'type': 'NotInclude'}, {'name': 'Total', 'type': 'Total'}, {'name': 'Retailing', 'type': 'Segment'}, {'name': 'OverseasWholesaling', 'type': 'Segment'}, {'name': 'DomesticWholesaling', 'type': 'Segment'}], 'periods': [{'name': 'CurrentYTDDuration', 'start_date': '2018-06-01', 'end_date': '2018-08-31'}, {'name': 'Prior1YTDDuration', 'start_date': '2017-06-01', 'end_date': '2017-08-31'}], 'values': [{'segment': 'Reconcile', 'period': 'CurrentYTDDuration', 'net_sales': '-339000000', 'operating_income': '-2153000000', 'revenues_from_external_customers': None, 'transactions_with_other_segments': '-339000000'}, {'segment': 'NotInclude', 'period': 'CurrentYTDDuration', 'net_sales': '146000000', 'operating_income': '-32000000', 'revenues_from_external_customers': '129000000', 'transactions_with_other_segments': '16000000'}, {'segment': 'Total', 'period': 'CurrentYTDDuration', 'net_sales': '14762000000', 'operating_income': '5080000000', 'revenues_from_external_customers': '14439000000', 'transactions_with_other_segments': '323000000'}, {'segment': 'Retailing', 'period': 'CurrentYTDDuration', 'net_sales': '1202000000', 'operating_income': '-143000000', 'revenues_from_external_customers': '1202000000', 'transactions_with_other_segments': '0'}, {'segment': 'OverseasWholesaling', 'period': 'CurrentYTDDuration', 'net_sales': '8351000000', 'operating_income': '2754000000', 'revenues_from_external_customers': '8132000000', 'transactions_with_other_segments': '219000000'}, {'segment': 'DomesticWholesaling', 'period': 'CurrentYTDDuration', 'net_sales': '5208000000', 'operating_income': '2469000000', 'revenues_from_external_customers': '5104000000', 'transactions_with_other_segments': '103000000'}, {'segment': 'Reconcile', 'period': 'Prior1YTDDuration', 'net_sales': '-754000000', 'operating_income': '-2151000000', 'revenues_from_external_customers': None, 'transactions_with_other_segments': '-754000000'}, {'segment': 'NotInclude', 'period': 'Prior1YTDDuration', 'net_sales': '292000000', 'operating_income': '-16000000', 'revenues_from_external_customers': '277000000', 'transactions_with_other_segments': '14000000'}, {'segment': 'DomesticWholesaling', 'period': 'Prior1YTDDuration', 'net_sales': '5028000000', 'operating_income': '2504000000', 'revenues_from_external_customers': '4895000000', 'transactions_with_other_segments': '133000000'}, {'segment': 'OverseasWholesaling', 'period': 'Prior1YTDDuration', 'net_sales': '10078000000', 'operating_income': '3570000000', 'revenues_from_external_customers': '9472000000', 'transactions_with_other_segments': '606000000'}, {'segment': 'Retailing', 'period': 'Prior1YTDDuration', 'net_sales': '1589000000', 'operating_income': '17000000', 'revenues_from_external_customers': '1589000000', 'transactions_with_other_segments': '0'}, {'segment': 'Total', 'period': 'Prior1YTDDuration', 'net_sales': '16697000000', 'operating_income': '6091000000', 'revenues_from_external_customers': '15957000000', 'transactions_with_other_segments': '739000000'}]}",,,2018.0,1.0,2018-10-09 13:04:00+00:00
8,株式会社　サカタのタネ,代表取締役社長　　坂田　宏,神奈川県横浜市都筑区仲町台二丁目７番１号,2018-11-30T00:00:00.000Z,2019-01-15T11:29:00.000Z,2019-01-15T11:29:00.000Z,2019-01-11T15:00:00.000Z,【E00006】株式会社　サカタのタネ 四半期報告書－第78期第2四半期(平成30年9月1日－平成30年11月30日),【13770】株式会社　サカタのタネ 2019年５月期　第２四半期決算短信 [日本基準]（連結） ,Japan GAAP,44999014.0,48410750.0,3411736.0,124926000000.0,72551000000.0,23549000000.0,12473000000.0,12473000000.0,,,50000000.0,31737000000.0,27277000000.0,2075000000.0,2385000000.0,,,-263000000.0,52374000000.0,32100000000.0,29419000000.0,13065000000.0,13758000000.0,4020000000.0,1719000000.0,,18554000000.0,16079000000.0,1514000000.0,-68000000.0,,22011000000.0,5074000000.0,15660000000.0,3580000000.0,3580000000.0,,,,4176000000.0,,,,,,,,1520000000.0,6351000000.0,,,,,898000000.0,,1971000000.0,102914000000.0,98885000000.0,13500000000.0,10900000000.0,79082000000.0,-4597000000.0,3870000000.0,158000000.0,29135000000.0,11702000000.0,17433000000.0,59.83524969967393,13588000000.0,3844000000.0,13.193753217779303,578000000.0,,73000000.0,177000000.0,,120000000.0,57000000.0,,4302000000.0,1138000000.0,829000000.0,,225000000.0,,,225000000.0,5215000000.0,1644000000.0,31.52444870565676,3571000000.0,10000000.0,3561000000.0,12.222412905440192,4723000000.0,5215000000.0,978000000.0,4000000.0,3106000000.0,-906000000.0,-1103000000.0,-1142000000.0,-2772000000.0,1485000000.0,-325000000.0,,,,,,0.0,,,,-1318000000.0,141000000.0,16000000.0,-111000000.0,,,-1000000.0,,-899000000.0,59000000.0,7820000000.0,63800000000.0,7100000000.0,7100000000.0,6100000000.0,,152.35889390820876,2283.5167010548275,8082000000.0,4826000000.0,6.672116470084472,6.386407459502762,0.5022653410819204,1.2157538245941844,5.488048924963578,4.81684132430678,1.445139419595936,16.21074309250043,46.63806418397117,5.610049905351919,0.0,1.4828303850156088,67.43859649122807,45.66614420062696,54.140845070422536,58.377049180327866,118.98060751673248,84.70343392299688,71.30019657399606,18.85035941277236,4.5036815095783,72.55673668441017,424.01189604685214,47.8294289897511,40630000000.0,448.73920374151123,1.9547040498442367,4.061604469846149,0.9703885506645843,91.72089660159074,-18475000000.0,20.47325389960097,0.0493791116820429,463.28863346104725,-2.694719953325554,102756000000.0,82.25349406848854,-2075000000.0,,,,"{'segments': [{'name': 'Reconcile', 'type': 'Reconcile'}, {'name': 'NotInclude', 'type': 'NotInclude'}, {'name': 'DomesticWholesaling', 'type': 'Segment'}, {'name': 'OverseasWholesaling', 'type': 'Segment'}, {'name': 'Retailing', 'type': 'Segment'}, {'name': 'Total', 'type': 'Total'}], 'periods': [{'name': 'Prior1YTDDuration', 'start_date': '2017-06-01', 'end_date': '2017-11-30'}, {'name': 'CurrentYTDDuration', 'start_date': '2018-06-01', 'end_date': '2018-11-30'}], 'values': [{'segment': 'Reconcile', 'period': 'Prior1YTDDuration', 'net_sales': '-1035000000', 'operating_income': '-4059000000', 'revenues_from_external_customers': None, 'transactions_with_other_segments': '-1035000000'}, {'segment': 'NotInclude', 'period': 'Prior1YTDDuration', 'net_sales': '492000000', 'operating_income': '-14000000', 'revenues_from_external_customers': '461000000', 'transactions_with_other_segments': '31000000'}, {'segment': 'DomesticWholesaling', 'period': 'Prior1YTDDuration', 'net_sales': '8104000000', 'operating_income': '2810000000', 'revenues_from_external_customers': '7919000000', 'transactions_with_other_segments': '184000000'}, {'segment': 'OverseasWholesaling', 'period': 'Prior1YTDDuration', 'net_sales': '19353000000', 'operating_income': '5896000000', 'revenues_from_external_customers': '18534000000', 'transactions_with_other_segments': '819000000'}, {'segment': 'Retailing', 'period': 'Prior1YTDDuration', 'net_sales': '2862000000', 'operating_income': '-239000000', 'revenues_from_external_customers': '2862000000', 'transactions_with_other_segments': '0'}, {'segment': 'Total', 'period': 'Prior1YTDDuration', 'net_sales': '30320000000', 'operating_income': '8467000000', 'revenues_from_external_customers': '29316000000', 'transactions_with_other_segments': '1004000000'}, {'segment': 'Reconcile', 'period': 'CurrentYTDDuration', 'net_sales': '-1024000000', 'operating_income': '-4057000000', 'revenues_from_external_customers': None, 'transactions_with_other_segments': '-1024000000'}, {'segment': 'NotInclude', 'period': 'CurrentYTDDuration', 'net_sales': '544000000', 'operating_income': '-63000000', 'revenues_from_external_customers': '507000000', 'transactions_with_other_segments': '37000000'}, {'segment': 'Total', 'period': 'CurrentYTDDuration', 'net_sales': '29616000000', 'operating_income': '7965000000', 'revenues_from_external_customers': '28628000000', 'transactions_with_other_segments': '987000000'}, {'segment': 'Retailing', 'period': 'CurrentYTDDuration', 'net_sales': '2471000000', 'operating_income': '-178000000', 'revenues_from_external_customers': '2470000000', 'transactions_with_other_segments': '0'}, {'segment': 'OverseasWholesaling', 'period': 'CurrentYTDDuration', 'net_sales': '18478000000', 'operating_income': '5364000000', 'revenues_from_external_customers': '17690000000', 'transactions_with_other_segments': '788000000'}, {'segment': 'DomesticWholesaling', 'period': 'CurrentYTDDuration', 'net_sales': '8666000000', 'operating_income': '2779000000', 'revenues_from_external_customers': '8466000000', 'transactions_with_other_segments': '199000000'}]}",,,2018.0,2.0,2019-01-15 11:29:00+00:00
9,株式会社　サカタのタネ,代表取締役社長　　坂田　宏,神奈川県横浜市都筑区仲町台二丁目７番１号,2019-02-28T00:00:00.000Z,2019-04-05T09:25:00.000Z,2019-04-05T09:25:00.000Z,2019-04-04T15:00:00.000Z,【E00006】株式会社　サカタのタネ 四半期報告書－第78期第3四半期(平成30年12月1日－平成31年2月28日),【13770】株式会社　サカタのタネ 2019年５月期　第３四半期決算短信 [日本基準]（連結）,Japan GAAP,44817451.0,48410750.0,3593299.0,123121000000.0,72010000000.0,19970000000.0,13381000000.0,13381000000.0,,,50000000.0,33372000000.0,28381000000.0,2672000000.0,2319000000.0,,,-249000000.0,51110000000.0,32067000000.0,29217000000.0,12902000000.0,13708000000.0,4491000000.0,1698000000.0,,17345000000.0,14900000000.0,1449000000.0,-68000000.0,,22007000000.0,5507000000.0,15046000000.0,4983000000.0,4983000000.0,,,,3443000000.0,,,,,,,,1802000000.0,6960000000.0,,,,,2064000000.0,,1555000000.0,101114000000.0,99181000000.0,13500000000.0,10900000000.0,80035000000.0,-5253000000.0,1771000000.0,161000000.0,43732000000.0,17665000000.0,26067000000.0,59.60623799506082,20200000000.0,5867000000.0,13.41580535991951,738000000.0,,130000000.0,258000000.0,,201000000.0,88000000.0,,6404000000.0,1145000000.0,829000000.0,,302000000.0,,,302000000.0,7247000000.0,2046000000.0,28.232372016006625,5200000000.0,11000000.0,5189000000.0,11.865453215037043,,7247000000.0,,,,,,,,,,,,,,,,,,,,,,,,,,,,,0.0,63800000000.0,7100000000.0,7100000000.0,6100000000.0,,152.9761253044043,2252.5377447280525,7100000000.0,5867000000.0,6.7912791100809295,6.455379168785191,0.5096287392077712,1.2195873327191862,5.568505778867943,4.878827728724403,1.4650142967519537,0.0,46.19043263514131,0.0,0.0,1.4999147775694563,66.67045454545455,68.54545454545455,82.63380281690141,85.06557377049181,45.88859416445623,21.01585137208113,17.556369242628644,16.219816278295333,3.8192075988907663,77.83866700666178,445.85578330893117,66.57375549048317,41770000000.0,457.12069482510975,1.9567156266566876,4.472835665727212,1.0531986102699775,99.54808387563268,-14463000000.0,20.68968759107618,0.05455013719255495,478.5989631795826,-2.109539089848308,100953000000.0,81.99494805922629,4346000000.0,,,,"{'segments': [{'name': 'Reconcile', 'type': 'Reconcile'}, {'name': 'Retailing', 'type': 'Segment'}, {'name': 'Total', 'type': 'Total'}, {'name': 'NotInclude', 'type': 'NotInclude'}, {'name': 'OverseasWholesaling', 'type': 'Segment'}, {'name': 'DomesticWholesaling', 'type': 'Segment'}], 'periods': [{'name': 'Prior1YTDDuration', 'start_date': '2017-06-01', 'end_date': '2018-02-28'}, {'name': 'CurrentYTDDuration', 'start_date': '2018-06-01', 'end_date': '2019-02-28'}], 'values': [{'segment': 'Reconcile', 'period': 'Prior1YTDDuration', 'net_sales': '-1763000000', 'operating_income': '-6143000000', 'revenues_from_external_customers': None, 'transactions_with_other_segments': '-1763000000'}, {'segment': 'Retailing', 'period': 'Prior1YTDDuration', 'net_sales': '4361000000', 'operating_income': '-210000000', 'revenues_from_external_customers': '4360000000', 'transactions_with_other_segments': '0'}, {'segment': 'Total', 'period': 'Prior1YTDDuration', 'net_sales': '46435000000', 'operating_income': '12965000000', 'revenues_from_external_customers': '44717000000', 'transactions_with_other_segments': '1717000000'}, {'segment': 'Reconcile', 'period': 'CurrentYTDDuration', 'net_sales': '-1478000000', 'operating_income': '-6209000000', 'revenues_from_external_customers': None, 'transactions_with_other_segments': '-1478000000'}, {'segment': 'NotInclude', 'period': 'CurrentYTDDuration', 'net_sales': '862000000', 'operating_income': '-144000000', 'revenues_from_external_customers': '797000000', 'transactions_with_other_segments': '65000000'}, {'segment': 'Total', 'period': 'CurrentYTDDuration', 'net_sales': '44349000000', 'operating_income': '12220000000', 'revenues_from_external_customers': '42935000000', 'transactions_with_other_segments': '1413000000'}, {'segment': 'Retailing', 'period': 'CurrentYTDDuration', 'net_sales': '3708000000', 'operating_income': '-136000000', 'revenues_from_external_customers': '3708000000', 'transactions_with_other_segments': '0'}, {'segment': 'OverseasWholesaling', 'period': 'CurrentYTDDuration', 'net_sales': '27210000000', 'operating_income': '7738000000', 'revenues_from_external_customers': '26132000000', 'transactions_with_other_segments': '1078000000'}, {'segment': 'DomesticWholesaling', 'period': 'CurrentYTDDuration', 'net_sales': '13429000000', 'operating_income': '4618000000', 'revenues_from_external_customers': '13094000000', 'transactions_with_other_segments': '334000000'}, {'segment': 'NotInclude', 'period': 'Prior1YTDDuration', 'net_sales': '612000000', 'operating_income': '-56000000', 'revenues_from_external_customers': '567000000', 'transactions_with_other_segments': '45000000'}, {'segment': 'DomesticWholesaling', 'period': 'Prior1YTDDuration', 'net_sales': '12874000000', 'operating_income': '4643000000', 'revenues_from_external_customers': '12578000000', 'transactions_with_other_segments': '296000000'}, {'segment': 'OverseasWholesaling', 'period': 'Prior1YTDDuration', 'net_sales': '29198000000', 'operating_income': '8532000000', 'revenues_from_external_customers': '27777000000', 'transactions_with_other_segments': '1421000000'}]}",,,2018.0,3.0,2019-04-05 09:25:00+00:00
10,株式会社　サカタのタネ,代表取締役社長　坂田　宏,神奈川県横浜市都筑区仲町台二丁目７番１号,2019-05-31T00:00:00.000Z,2019-08-27T14:30:00.000Z,2019-08-27T14:30:00.000Z,2019-07-10T15:00:00.000Z,【E00006】株式会社　サカタのタネ 有価証券報告書－第78期(平成30年6月1日－令和1年5月31日),【13770】株式会社　サカタのタネ 2019年５月期決算短信[日本基準]（連結）,Japan GAAP,44598257.0,48410750.0,3812493.0,122425000000.0,71936000000.0,19611000000.0,16141000000.0,16141000000.0,,,,32539000000.0,27455000000.0,2726000000.0,2358000000.0,,,-288000000.0,50488000000.0,32815000000.0,31734000000.0,13482000000.0,14031000000.0,1819000000.0,2203000000.0,,15469000000.0,13141000000.0,1281000000.0,-64000000.0,,21542000000.0,5143000000.0,14913000000.0,4708000000.0,4708000000.0,,,,3168000000.0,,,,,,,,1095000000.0,6628000000.0,,,,,1975000000.0,,1214000000.0,100883000000.0,100078000000.0,13500000000.0,10900000000.0,81755000000.0,-6077000000.0,624000000.0,180000000.0,62746000000.0,27320000000.0,35426000000.0,56.459375896471485,27708000000.0,7717000000.0,12.29879195486565,902000000.0,,164000000.0,277000000.0,,288000000.0,119000000.0,,8331000000.0,1422000000.0,838000000.0,267000000.0,345000000.0,,,345000000.0,9408000000.0,2523000000.0,26.817602040816325,6884000000.0,28000000.0,6856000000.0,10.926592930226628,5532000000.0,9408000000.0,1947000000.0,29000000.0,-1353000000.0,-2225000000.0,433000000.0,-3289000000.0,-4949000000.0,1517000000.0,-1180000000.0,,,,,,0.0,551000000.0,,,-3183000000.0,-683000000.0,1420000000.0,-432000000.0,,,-1481000000.0,,-1568000000.0,-191000000.0,11661000000.0,65400000000.0,7700000000.0,7900000000.0,6000000000.0,33.0,153.72798089396184,2258.003042585274,9676000000.0,9693000000.0,6.808138784346047,6.420678029593557,0.512526036348785,1.2157036036662263,5.6001633653257095,4.907129225478525,1.4614683584401658,8.816498262837472,44.15899021451566,5.495963416699599,0.0,1.5420500194376054,64.84873949579831,95.94189602446484,100.22077922077922,114.26666666666667,4.229751697319362,-0.2202928599196574,-12.48541423570595,16.018787012456606,3.75054983584611,93.89387371306537,434.72675695461203,62.89970717423133,43972000000.0,465.72092349344615,1.9121133627914064,4.20093935062283,0.9835846109712173,92.96818510484454,-14468000000.0,20.140239341810023,0.05107097107335432,482.3710856299873,-2.1102683780630107,100703000000.0,82.25689197467837,247000000.0,2454.0,25568867.15566422,3144661.7766911164,"{'segments': [{'name': 'DomesticWholesaling', 'type': 'Segment'}, {'name': 'OverseasWholesaling', 'type': 'Segment'}, {'name': 'Retailing', 'type': 'Segment'}, {'name': 'NotInclude', 'type': 'NotInclude'}, {'name': 'Total', 'type': 'Total'}, {'name': 'Reconcile', 'type': 'Reconcile'}], 'periods': [{'name': 'CurrentYearInstant', 'instant': '2019-05-31'}, {'name': 'Prior1YearDuration', 'start_date': '2017-06-01', 'end_date': '2018-05-31'}, {'name': 'Prior1YearInstant', 'instant': '2018-05-31'}, {'name': 'CurrentYearDuration', 'start_date': '2018-06-01', 'end_date': '2019-05-31'}], 'values': [{'segment': 'Retailing', 'period': 'Prior1YearDuration', 'net_sales': '7103000000', 'operating_income': '51000000', 'revenues_from_external_customers': '7102000000', 'transactions_with_other_segments': '0'}, {'segment': 'DomesticWholesaling', 'period': 'Prior1YearDuration', 'net_sales': '17225000000', 'operating_income': '5166000000', 'revenues_from_external_customers': '16837000000', 'transactions_with_other_segments': '388000000'}, {'segment': 'OverseasWholesaling', 'period': 'Prior1YearDuration', 'net_sales': '40183000000', 'operating_income': '11174000000', 'revenues_from_external_customers': '37274000000', 'transactions_with_other_segments': '2909000000'}, {'segment': 'Total', 'period': 'Prior1YearDuration', 'net_sales': '64512000000', 'operating_income': '16392000000', 'revenues_from_external_customers': '61214000000', 'transactions_with_other_segments': '3297000000'}, {'segment': 'Reconcile', 'period': 'Prior1YearDuration', 'net_sales': '-3364000000', 'operating_income': '-8846000000', 'revenues_from_external_customers': None, 'transactions_with_other_segments': '-3364000000'}, {'segment': 'NotInclude', 'period': 'CurrentYearDuration', 'net_sales': '1915000000', 'operating_income': '-26000000', 'revenues_from_external_customers': '1818000000', 'transactions_with_other_segments': '97000000'}, {'segment': 'Total', 'period': 'CurrentYearDuration', 'net_sales': '63717000000', 'operating_income': '16522000000', 'revenues_from_external_customers': '60927000000', 'transactions_with_other_segments': '2790000000'}, {'segment': 'Retailing', 'period': 'CurrentYearDuration', 'net_sales': '5960000000', 'operating_income': '-16000000', 'revenues_from_external_customers': '5959000000', 'transactions_with_other_segments': '0'}, {'segment': 'OverseasWholesaling', 'period': 'CurrentYearDuration', 'net_sales': '40544000000', 'operating_income': '11613000000', 'revenues_from_external_customers': '38122000000', 'transactions_with_other_segments': '2421000000'}, {'segment': 'DomesticWholesaling', 'period': 'CurrentYearDuration', 'net_sales': '17212000000', 'operating_income': '4925000000', 'revenues_from_external_customers': '16845000000', 'transactions_with_other_segments': '367000000'}, {'segment': 'Reconcile', 'period': 'CurrentYearDuration', 'net_sales': '-2887000000', 'operating_income': '-8778000000', 'revenues_from_external_customers': None, 'transactions_with_other_segments': '-2887000000'}, {'segment': 'NotInclude', 'period': 'Prior1YearDuration', 'net_sales': '1264000000', 'operating_income': '7000000', 'revenues_from_external_customers': '1197000000', 'transactions_with_other_segments': '66000000'}]}",6163000000.0,,2018.0,4.0,2019-08-27 14:30:00+00:00
