,company_name,ceo_name,headquarters_address,end_date,updated_date,edinet_updated_date,tdnet_updated_date,edinet_title,tdnet_title,accounting_standard,num_of_shares,issued_share_num,treasury_stock_num,assets,current_assets,cash_and_deposits,trade_receivables,notes_accounts_receivable,notes_receivable,accounts_receivable,current_securities,inventories,merchandise,work_in_process,raw_materials_and_supplies,prepaid_expenses,current_dta,current_allowance_doubtful_accounts,non_current_assets,tangible_fixed_assets,buildings,machineries,land,construction_in_progress,intangible_assets,good_will,investments_and_other_assets,investment_securities,non_current_dta,non_current_allowance_doubtful_accounts,lease_and_guarantee_deposits,liabilities,debt,current_liabilities,trade_payables,notes_accounts_payable,accounts_payable,notes_payable,short_term_bonds_payable,short_term_loans_payable,commercial_papers_liabilities,current_lease_obligations,current_portion_of_long_term_loans,current_portion_of_bonds,current_portion_of_convertible_bonds,current_portion_of_bonds_with_subscription_rights,advances_received,corporate_tax_payable,non_current_liabilities,bonds_payable,convertible_bonds,convertible_bond_type_bonds_with_subscription_rights,non_current_bonds_with_subscription_right,long_term_loans_payable,non_current_lease_obligations,non_current_dtl,net_assets,shareholders_equity,capital_stock,additional_capital_stock,retained_earnings,treasury_stock,valuation_and_translation_adjustments,non_controlling_interests,net_sales,cost_of_sales,gross_profit,gross_margin,sga,operating_income,operating_margin,non_operating_income,interest_and_dividends_income,interest_income,dividends_income,equity_method_income,non_operating_expenses,interest_expense,equity_method_loss,ordinary_income,extraordinary_income,gain_of_sales_non_current_assets,gain_of_sales_investment_securities,extraordinary_loss,loss_of_sales_non_current_assets,loss_of_valuation_investment_securities,impairment_loss,income_before_income_taxes,income_taxes,real_corporate_tax_rate,net_income,non_controling_interests,profit_loss_attributable_to_owners_of_parent,net_profit_margin,operating_cash_flow,income_before_taxes,depreciation,amortization,decrease_trade_receivables_op_cf,decrease_inventories_op_cf,increase_trade_payables_op_cf,investment_cash_flow,purchase_of_property,sale_of_property,purchase_of_intangible_assets,sale_of_intangible_assets,purchase_of_non_current_assets,sale_of_non_current_assets,purchase_of_securities,sale_of_securities,purchase_of_investment_securities,sale_of_investment_securities,lending,return_of_lending,financial_cash_flow,net_short_term_debt,long_term_debt_issuance,long_term_debt_repayment,bonds_issuance,bonds_repayment,share_repurchase,share_sales,dividend_payment,cash_translation_difference,free_cash_flow,ex_net_sales,ex_operating_income,ex_ordinary_income,ex_net_income,dividend,eps_actual,bps,ebitda_forecast,ebitda_actual,roe,real_roe,total_asset_turnover,financial_leverage,roa,roic,doe,net_sales_operating_cash_flow_ratio,sga_ratio,depreciation_gross_profit_ratio,r_and_d_ratio,interest_op_income_ratio,interest_coverage_ratio,net_sales_progress,operating_income_progress,net_income_progress,net_sales_growth_rate_forecast,operating_income_growth_rate_forecast,net_income_growth_rate_forecast,cash_assets_ratio,cash_monthly_sales_ratio,accounts_receivable_turnover,inventory_turnover,trade_payable_turnover,working_capital,ccc,tangible_fixed_assets_turnover,debt_assets_ratio,debt_monthly_sales_ratio,operating_cash_flow_debt_ratio,net_debt,adjusted_debt_ratio,de_ratio,current_ratio,net_debt_net_income_ratio,equity,equity_ratio,accrual,employee_num,net_sales_per_employee,operating_income_per_employee,segment_member,increase_in_properties,r_and_d_expenses,fiscal_year,fiscal_quarter,to_datetime
0,ホクト株式会社,代表取締役社長　　水野　雅義,長野県長野市南堀138番地１,2017-09-30T00:00:00.000Z,2018-11-07T14:20:00.000Z,2018-11-07T14:20:00.000Z,2017-11-02T15:00:00.000Z,【E00008】ホクト株式会社 訂正四半期報告書－第55期第2四半期(平成29年7月1日－平成29年9月30日),【13790】ホクト株式会社 平成30年３月期 第２四半期決算短信〔日本基準〕（連結）,Japan GAAP,32144106.0,33359040.0,1214934.0,101059000000.0,21476000000.0,5960000000.0,7269000000.0,7269000000.0,,,,6612000000.0,2064000000.0,3891000000.0,657000000.0,,,-20000000.0,79582000000.0,70128000000.0,60839000000.0,48209000000.0,14145000000.0,,333000000.0,257000000.0,9120000000.0,6752000000.0,,-19000000.0,,52631000000.0,38191000000.0,38833000000.0,6447000000.0,6447000000.0,,,,25921000000.0,,,,,,,,152000000.0,13797000000.0,,,,,12270000000.0,,,48427000000.0,47431000000.0,5500000000.0,5840000000.0,38273000000.0,-2182000000.0,996000000.0,,27779000000.0,23388000000.0,4390000000.0,15.803304654595198,7174000000.0,-2783000000.0,,404000000.0,,,88000000.0,,122000000.0,45000000.0,,-2502000000.0,0.0,0.0,,0.0,,,,-2502000000.0,-546000000.0,21.822541966426858,-1955000000.0,,-1955000000.0,,-1889000000.0,-2502000000.0,3327000000.0,64000000.0,-2093000000.0,-1133000000.0,1238000000.0,-5574000000.0,-4595000000.0,0.0,,,,,,,-411000000.0,240000000.0,,,7279000000.0,,876000000.0,-1283000000.0,,,0.0,52000000.0,-1608000000.0,-5000000.0,2706000000.0,65800000000.0,2250000000.0,2870000000.0,1870000000.0,,75.22374397346748,1506.5592429293258,5641000000.0,,4.993082371404381,4.7778063190341635,0.6620587973362095,2.086831726103207,2.392661712464996,1.9557135930176175,3.982584839036075,-6.800100795564995,25.82526368839771,75.78587699316628,0.0,-1.6169601149838304,-61.84444444444444,42.21732522796353,-123.68888888888888,-104.54545454545455,136.8695777385795,-180.84800574919151,-195.65217391304347,5.897544998466243,1.0689464480547626,39.654819376148986,49.47072810757626,48.23620449327648,7434000000.0,40.88934299044876,0.9540697011179557,37.79079547591011,6.849686878801919,384.29261420809013,32231000000.0,103.99533679780276,0.7886303095380676,55.303478999819745,13.329611248966089,48427000000.0,47.91953215448401,-66000000.0,,,,"{'segments': [{'name': 'DomesticMushroomsBusiness', 'type': 'Segment'}, {'name': 'Reconcile', 'type': 'Reconcile'}, {'name': 'IndustrialSuppliesBusiness', 'type': 'Segment'}, {'name': 'ProcessedFoodBusiness', 'type': 'Segment'}, {'name': 'OverseasMushroomsBusiness', 'type': 'Segment'}], 'periods': [{'name': 'CurrentYTDDuration', 'start_date': '2017-04-01', 'end_date': '2017-09-30'}, {'name': 'Prior1YTDDuration', 'start_date': '2016-04-01', 'end_date': '2016-09-30'}], 'values': [{'segment': 'DomesticMushroomsBusiness', 'period': 'CurrentYTDDuration', 'net_sales': '17185000000', 'operating_income': '-1850000000', 'revenues_from_external_customers': '17180000000', 'transactions_with_other_segments': '4000000'}, {'segment': 'DomesticMushroomsBusiness', 'period': 'Prior1YTDDuration', 'net_sales': '16343000000', 'operating_income': '-1246000000', 'revenues_from_external_customers': '16338000000', 'transactions_with_other_segments': '4000000'}, {'segment': 'Reconcile', 'period': 'Prior1YTDDuration', 'net_sales': '-637000000', 'operating_income': '-889000000', 'revenues_from_external_customers': None, 'transactions_with_other_segments': '-637000000'}, {'segment': 'IndustrialSuppliesBusiness', 'period': 'Prior1YTDDuration', 'net_sales': '5359000000', 'operating_income': '117000000', 'revenues_from_external_customers': '4727000000', 'transactions_with_other_segments': '632000000'}, {'segment': 'ProcessedFoodBusiness', 'period': 'Prior1YTDDuration', 'net_sales': '3275000000', 'operating_income': '140000000', 'revenues_from_external_customers': '3275000000', 'transactions_with_other_segments': None}, {'segment': 'ProcessedFoodBusiness', 'period': 'CurrentYTDDuration', 'net_sales': '3411000000', 'operating_income': '216000000', 'revenues_from_external_customers': '3411000000', 'transactions_with_other_segments': None}, {'segment': 'IndustrialSuppliesBusiness', 'period': 'CurrentYTDDuration', 'net_sales': '5277000000', 'operating_income': '-102000000', 'revenues_from_external_customers': '5017000000', 'transactions_with_other_segments': '259000000'}, {'segment': 'Reconcile', 'period': 'CurrentYTDDuration', 'net_sales': '-263000000', 'operating_income': '-932000000', 'revenues_from_external_customers': None, 'transactions_with_other_segments': '-263000000'}, {'segment': 'OverseasMushroomsBusiness', 'period': 'CurrentYTDDuration', 'net_sales': '2169000000', 'operating_income': '-115000000', 'revenues_from_external_customers': '2169000000', 'transactions_with_other_segments': None}, {'segment': 'OverseasMushroomsBusiness', 'period': 'Prior1YTDDuration', 'net_sales': '1765000000', 'operating_income': '-254000000', 'revenues_from_external_customers': '1765000000', 'transactions_with_other_segments': None}]}",,,2017.0,2.0,2018-11-07 14:20:00+00:00
1,ホクト株式会社,代表取締役社長　　水野　雅義,長野県長野市南堀138番地１,2017-12-31T00:00:00.000Z,2018-11-07T14:33:00.000Z,2018-11-07T14:33:00.000Z,2018-02-02T15:00:00.000Z,【E00008】ホクト株式会社 訂正四半期報告書－第55期第3四半期(平成29年10月1日－平成29年12月31日),【13790】ホクト株式会社 平成30年３月期 第３四半期決算短信〔日本基準〕(連結),Japan GAAP,32191010.0,33359040.0,1168030.0,102217000000.0,21672000000.0,6678000000.0,8394000000.0,8394000000.0,,,,5937000000.0,1636000000.0,3555000000.0,746000000.0,,,-20000000.0,80544000000.0,70903000000.0,61007000000.0,49162000000.0,14155000000.0,,291000000.0,225000000.0,9349000000.0,6858000000.0,,-19000000.0,,51242000000.0,35978000000.0,37405000000.0,6314000000.0,6314000000.0,,,,23703000000.0,,,,,,,,386000000.0,13837000000.0,,,,,12275000000.0,,,50975000000.0,49840000000.0,5500000000.0,5859000000.0,40591000000.0,-2111000000.0,1135000000.0,,48879000000.0,36704000000.0,12175000000.0,24.908447390494896,11331000000.0,844000000.0,1.7267129032918023,669000000.0,,,151000000.0,,91000000.0,83000000.0,,1422000000.0,0.0,0.0,,85000000.0,,,,1337000000.0,652000000.0,48.7658937920718,684000000.0,,684000000.0,1.3993739642791383,,1337000000.0,,,,,,,,,,,,,,,,,,,,,,,,,,,,,0.0,65800000000.0,2250000000.0,2870000000.0,1870000000.0,,75.1141390096179,1583.5166402048274,2250000000.0,844000000.0,4.743501716527709,4.554873224578985,0.6545584393985345,2.0052378616969104,2.3655556316463993,1.9481789012455004,3.7890350171652774,0.0,23.181734487203094,0.0,0.0,9.834123222748815,10.168674698795181,74.28419452887537,37.51111111111111,36.57754010695187,34.61813866895804,166.58767772511845,173.3918128654971,6.533159846209536,1.1977222114278028,45.79206958913118,44.42040423089538,47.24110364053788,8017000000.0,42.97137017948868,0.9436413127794311,35.1976677069372,6.4527777362607806,362.0245522237875,29300000000.0,96.52639113890667,0.7057969592937715,57.93877823820345,12.117452440033086,50975000000.0,49.86939550172672,769000000.0,,,,"{'segments': [{'name': 'DomesticMushroomsBusiness', 'type': 'Segment'}, {'name': 'Reconcile', 'type': 'Reconcile'}, {'name': 'IndustrialSuppliesBusiness', 'type': 'Segment'}, {'name': 'ProcessedFoodBusiness', 'type': 'Segment'}, {'name': 'OverseasMushroomsBusiness', 'type': 'Segment'}], 'periods': [{'name': 'Prior1YTDDuration', 'start_date': '2016-04-01', 'end_date': '2016-12-31'}, {'name': 'CurrentYTDDuration', 'start_date': '2017-04-01', 'end_date': '2017-12-31'}], 'values': [{'segment': 'DomesticMushroomsBusiness', 'period': 'Prior1YTDDuration', 'net_sales': '31191000000', 'operating_income': '3184000000', 'revenues_from_external_customers': '31184000000', 'transactions_with_other_segments': '6000000'}, {'segment': 'DomesticMushroomsBusiness', 'period': 'CurrentYTDDuration', 'net_sales': '32131000000', 'operating_income': '2050000000', 'revenues_from_external_customers': '32124000000', 'transactions_with_other_segments': '7000000'}, {'segment': 'Reconcile', 'period': 'Prior1YTDDuration', 'net_sales': '-907000000', 'operating_income': '-1366000000', 'revenues_from_external_customers': None, 'transactions_with_other_segments': '-907000000'}, {'segment': 'IndustrialSuppliesBusiness', 'period': 'Prior1YTDDuration', 'net_sales': '8086000000', 'operating_income': '115000000', 'revenues_from_external_customers': '7186000000', 'transactions_with_other_segments': '900000000'}, {'segment': 'ProcessedFoodBusiness', 'period': 'Prior1YTDDuration', 'net_sales': '5471000000', 'operating_income': '361000000', 'revenues_from_external_customers': '5471000000', 'transactions_with_other_segments': None}, {'segment': 'Reconcile', 'period': 'CurrentYTDDuration', 'net_sales': '-395000000', 'operating_income': '-1418000000', 'revenues_from_external_customers': None, 'transactions_with_other_segments': '-395000000'}, {'segment': 'ProcessedFoodBusiness', 'period': 'CurrentYTDDuration', 'net_sales': '5608000000', 'operating_income': '377000000', 'revenues_from_external_customers': '5608000000', 'transactions_with_other_segments': None}, {'segment': 'IndustrialSuppliesBusiness', 'period': 'CurrentYTDDuration', 'net_sales': '7945000000', 'operating_income': '-152000000', 'revenues_from_external_customers': '7557000000', 'transactions_with_other_segments': '388000000'}, {'segment': 'OverseasMushroomsBusiness', 'period': 'CurrentYTDDuration', 'net_sales': '3588000000', 'operating_income': '-13000000', 'revenues_from_external_customers': '3588000000', 'transactions_with_other_segments': None}, {'segment': 'OverseasMushroomsBusiness', 'period': 'Prior1YTDDuration', 'net_sales': '3318000000', 'operating_income': '-270000000', 'revenues_from_external_customers': '3318000000', 'transactions_with_other_segments': None}]}",,,2017.0,3.0,2018-11-07 14:33:00+00:00
2,ホクト株式会社,代表取締役社長　　水野　雅義,長野県長野市南堀138番地１,2018-03-31T00:00:00.000Z,2018-11-07T14:59:00.000Z,2018-11-07T14:59:00.000Z,2018-05-11T15:00:00.000Z,【E00008】ホクト株式会社 訂正有価証券報告書－第55期(平成29年4月1日－平成30年3月31日),【13790】ホクト株式会社 平成30年３月期 決算短信〔日本基準〕（連結）,Japan GAAP,32190879.0,33359040.0,1168161.0,100138000000.0,21406000000.0,8508000000.0,6783000000.0,6783000000.0,,,,5690000000.0,1659000000.0,3384000000.0,647000000.0,,434000000.0,-16000000.0,78732000000.0,69191000000.0,60711000000.0,49071000000.0,14045000000.0,1330000000.0,253000000.0,193000000.0,9288000000.0,7384000000.0,227000000.0,-19000000.0,,47638000000.0,33237000000.0,34834000000.0,5967000000.0,5967000000.0,,,,20701000000.0,,,833000000.0,,,,,1470000000.0,12803000000.0,,,,,11703000000.0,,426000000.0,52500000000.0,51411000000.0,5500000000.0,5695000000.0,42326000000.0,-2111000000.0,1089000000.0,,66907000000.0,48784000000.0,18122000000.0,27.085357286980436,14940000000.0,3181000000.0,4.75436053028831,1382000000.0,,5000000.0,159000000.0,,530000000.0,101000000.0,,4033000000.0,0.0,,,127000000.0,30000000.0,,,3906000000.0,1487000000.0,38.06963645673323,2418000000.0,,2418000000.0,3.613971632265682,9938000000.0,3906000000.0,6668000000.0,129000000.0,-1626000000.0,-227000000.0,784000000.0,-9028000000.0,-7865000000.0,74000000.0,,,,,,,-773000000.0,402000000.0,,,1447000000.0,,869000000.0,-1649000000.0,,,-1000000.0,143000000.0,-1931000000.0,-44000000.0,17803000000.0,68200000000.0,2240000000.0,2850000000.0,1840000000.0,60.0,75.11444468478167,1630.896751840793,9037000000.0,9978000000.0,4.605714285714286,4.427679405248027,0.6653705397987191,1.907390476190476,2.404630255777875,1.9758097437512394,3.6789576,14.853453300850433,22.32950214476811,36.795055733362766,0.3990613837117193,3.1751021691292047,31.495049504950494,98.10410557184751,142.00892857142858,131.41304347826087,1.932533217750021,-29.581892486639415,-23.904052936311004,8.496275140306377,1.5259389899412619,37.003527284140674,42.57235979009511,44.64486306985897,6506000000.0,34.93102400437682,0.9669899264355191,33.191196149313946,5.961169982214119,334.4435500100624,24729000000.0,87.23151013532072,0.6330857142857143,61.451455474536374,10.227047146401985,52500000000.0,52.427649843216365,-7393000000.0,4006.0,16701697.453819271,794058.9116325512,"{'segments': [{'name': 'Reconcile', 'type': 'Reconcile'}, {'name': 'DomesticMushroomsBusiness', 'type': 'Segment'}, {'name': 'IndustrialSuppliesBusiness', 'type': 'Segment'}, {'name': 'ProcessedFoodBusiness', 'type': 'Segment'}, {'name': 'OverseasMushroomsBusiness', 'type': 'Segment'}], 'periods': [{'name': 'Prior1YearDuration', 'start_date': '2016-04-01', 'end_date': '2017-03-31'}, {'name': 'CurrentYearInstant', 'instant': '2018-03-31'}, {'name': 'CurrentYearDuration', 'start_date': '2017-04-01', 'end_date': '2018-03-31'}, {'name': 'Prior1YearInstant', 'instant': '2017-03-31'}], 'values': [{'segment': 'Reconcile', 'period': 'Prior1YearDuration', 'net_sales': '-1036000000', 'operating_income': '-1829000000', 'revenues_from_external_customers': None, 'transactions_with_other_segments': '-1036000000'}, {'segment': 'DomesticMushroomsBusiness', 'period': 'CurrentYearDuration', 'net_sales': '44674000000', 'operating_income': '4861000000', 'revenues_from_external_customers': '44664000000', 'transactions_with_other_segments': '10000000'}, {'segment': 'IndustrialSuppliesBusiness', 'period': 'Prior1YearDuration', 'net_sales': '10272000000', 'operating_income': '-58000000', 'revenues_from_external_customers': '9245000000', 'transactions_with_other_segments': '1026000000'}, {'segment': 'IndustrialSuppliesBusiness', 'period': 'CurrentYearDuration', 'net_sales': '10523000000', 'operating_income': '-235000000', 'revenues_from_external_customers': '9989000000', 'transactions_with_other_segments': '534000000'}, {'segment': 'ProcessedFoodBusiness', 'period': 'Prior1YearDuration', 'net_sales': '7064000000', 'operating_income': '376000000', 'revenues_from_external_customers': '7064000000', 'transactions_with_other_segments': None}, {'segment': 'ProcessedFoodBusiness', 'period': 'CurrentYearDuration', 'net_sales': '7463000000', 'operating_income': '297000000', 'revenues_from_external_customers': '7463000000', 'transactions_with_other_segments': None}, {'segment': 'OverseasMushroomsBusiness', 'period': 'Prior1YearDuration', 'net_sales': '4512000000', 'operating_income': '-38000000', 'revenues_from_external_customers': '4512000000', 'transactions_with_other_segments': None}, {'segment': 'OverseasMushroomsBusiness', 'period': 'CurrentYearDuration', 'net_sales': '4790000000', 'operating_income': '119000000', 'revenues_from_external_customers': '4790000000', 'transactions_with_other_segments': None}, {'segment': 'Reconcile', 'period': 'CurrentYearDuration', 'net_sales': '-544000000', 'operating_income': '-1861000000', 'revenues_from_external_customers': None, 'transactions_with_other_segments': '-544000000'}, {'segment': 'DomesticMushroomsBusiness', 'period': 'Prior1YearDuration', 'net_sales': '42305000000', 'operating_income': '4980000000', 'revenues_from_external_customers': '42296000000', 'transactions_with_other_segments': '9000000'}]}",7784000000.0,267000000.0,2017.0,4.0,2018-11-07 14:59:00+00:00
3,ホクト株式会社,代表取締役社長　　水野　雅義,長野県長野市南堀138番地１,2018-06-30T00:00:00.000Z,2018-11-07T15:07:00.000Z,2018-11-07T15:07:00.000Z,2018-08-02T15:00:00.000Z,【E00008】ホクト株式会社 訂正四半期報告書－第56期第1四半期(平成30年4月1日－平成30年6月30日),【13790】ホクト株式会社 平成31年３月期 第１四半期決算短信〔日本基準〕（連結）,Japan GAAP,32190839.0,33359040.0,1168201.0,105443000000.0,23127000000.0,10140000000.0,6063000000.0,6063000000.0,,,,6411000000.0,2182000000.0,3539000000.0,690000000.0,,,-12000000.0,82315000000.0,72750000000.0,64064000000.0,49980000000.0,14068000000.0,,405000000.0,348000000.0,9159000000.0,7145000000.0,,-19000000.0,,55708000000.0,38479000000.0,43174000000.0,6282000000.0,6282000000.0,,,,26708000000.0,,,,,,,,89000000.0,12534000000.0,,,,,11771000000.0,,,49735000000.0,48698000000.0,5500000000.0,5695000000.0,39613000000.0,-2111000000.0,1037000000.0,,13774000000.0,11866000000.0,1907000000.0,13.844925221431684,3629000000.0,-1721000000.0,,410000000.0,,,71000000.0,,27000000.0,25000000.0,,-1338000000.0,5000000.0,,,0.0,,,,-1333000000.0,-292000000.0,21.905476369092273,-1041000000.0,,-1041000000.0,,,-1333000000.0,,,,,,,,,,,,,,,,,,,,,,,,,,,,,0.0,68200000000.0,2240000000.0,2850000000.0,1840000000.0,,99.0343867707207,1545.0047760482416,2240000000.0,,6.409972856137529,6.148979670562821,0.6656013201445331,2.1200965115110084,3.023434462221295,2.430453216042805,3.88348314064542,0.0,26.346740235225784,0.0,0.0,-1.4526438117373621,-68.84,20.19648093841642,-76.83035714285714,-56.57608695652174,395.13576303179906,-230.15688553166765,-276.75312199807877,9.616570090001234,1.733753188093983,31.531781200575637,45.752566233258385,44.83194838205103,6192000000.0,32.452399051783,0.9647147766323024,36.492702218260106,6.579200091190175,401.99540325950693,28339000000.0,107.44898352814103,0.7736805066854328,53.56696159725761,8.889272271016312,49735000000.0,47.167664045977446,-1046000000.0,,,,"{'segments': [{'name': 'IndustrialSuppliesBusiness', 'type': 'Segment'}, {'name': 'DomesticMushroomsBusiness', 'type': 'Segment'}, {'name': 'Reconcile', 'type': 'Reconcile'}, {'name': 'ProcessedFoodBusiness', 'type': 'Segment'}, {'name': 'OverseasMushroomsBusiness', 'type': 'Segment'}], 'periods': [{'name': 'CurrentYTDDuration', 'start_date': '2018-04-01', 'end_date': '2018-06-30'}, {'name': 'Prior1YTDDuration', 'start_date': '2017-04-01', 'end_date': '2017-06-30'}], 'values': [{'segment': 'IndustrialSuppliesBusiness', 'period': 'CurrentYTDDuration', 'net_sales': '2587000000', 'operating_income': '-72000000', 'revenues_from_external_customers': '2444000000', 'transactions_with_other_segments': '142000000'}, {'segment': 'DomesticMushroomsBusiness', 'period': 'CurrentYTDDuration', 'net_sales': '8441000000', 'operating_income': '-1203000000', 'revenues_from_external_customers': '8439000000', 'transactions_with_other_segments': '2000000'}, {'segment': 'Reconcile', 'period': 'CurrentYTDDuration', 'net_sales': '-145000000', 'operating_income': '-545000000', 'revenues_from_external_customers': None, 'transactions_with_other_segments': '-145000000'}, {'segment': 'ProcessedFoodBusiness', 'period': 'Prior1YTDDuration', 'net_sales': '1501000000', 'operating_income': '26000000', 'revenues_from_external_customers': '1501000000', 'transactions_with_other_segments': None}, {'segment': 'ProcessedFoodBusiness', 'period': 'CurrentYTDDuration', 'net_sales': '1794000000', 'operating_income': '73000000', 'revenues_from_external_customers': '1794000000', 'transactions_with_other_segments': None}, {'segment': 'OverseasMushroomsBusiness', 'period': 'CurrentYTDDuration', 'net_sales': '1096000000', 'operating_income': '-20000000', 'revenues_from_external_customers': '1096000000', 'transactions_with_other_segments': None}, {'segment': 'OverseasMushroomsBusiness', 'period': 'Prior1YTDDuration', 'net_sales': '1044000000', 'operating_income': '-95000000', 'revenues_from_external_customers': '1044000000', 'transactions_with_other_segments': None}, {'segment': 'Reconcile', 'period': 'Prior1YTDDuration', 'net_sales': '-97000000', 'operating_income': '-511000000', 'revenues_from_external_customers': None, 'transactions_with_other_segments': '-97000000'}, {'segment': 'DomesticMushroomsBusiness', 'period': 'Prior1YTDDuration', 'net_sales': '8280000000', 'operating_income': '-966000000', 'revenues_from_external_customers': '8278000000', 'transactions_with_other_segments': '1000000'}, {'segment': 'IndustrialSuppliesBusiness', 'period': 'Prior1YTDDuration', 'net_sales': '2545000000', 'operating_income': '-45000000', 'revenues_from_external_customers': '2450000000', 'transactions_with_other_segments': '95000000'}]}",,,2018.0,1.0,2018-11-07 15:07:00+00:00
4,ホクト株式会社,代表取締役社長　　水野　雅義,長野県長野市南堀138番地１,2018-09-30T00:00:00.000Z,2018-11-09T10:30:00.000Z,2018-11-09T10:30:00.000Z,2018-11-02T15:00:00.000Z,【E00008】ホクト株式会社 四半期報告書－第56期第2四半期(平成30年7月1日－平成30年9月30日),【13790】ホクト株式会社 平成31年３月期 第２四半期決算短信〔日本基準〕(連結),Japan GAAP,31938635.0,33359040.0,1420405.0,108278000000.0,24515000000.0,9135000000.0,7736000000.0,7736000000.0,,,,6693000000.0,1935000000.0,4081000000.0,677000000.0,,,-14000000.0,83763000000.0,73922000000.0,64247000000.0,54472000000.0,14001000000.0,,417000000.0,306000000.0,9422000000.0,7372000000.0,,-19000000.0,,58951000000.0,43488000000.0,36332000000.0,6590000000.0,6590000000.0,,,,21679000000.0,,,,,,,,190000000.0,22618000000.0,,,,9998000000.0,11811000000.0,,,49327000000.0,48123000000.0,5500000000.0,5695000000.0,39522000000.0,-2595000000.0,1203000000.0,,29881000000.0,24358000000.0,5522000000.0,18.479970549847728,7421000000.0,-1898000000.0,,658000000.0,,,90000000.0,,60000000.0,54000000.0,,-1301000000.0,128000000.0,122000000.0,,237000000.0,,,,-1410000000.0,-277000000.0,19.645390070921987,-1132000000.0,,-1132000000.0,,-1735000000.0,-1410000000.0,3414000000.0,83000000.0,-902000000.0,-911000000.0,984000000.0,-6216000000.0,-6283000000.0,215000000.0,,,,,,,-195000000.0,214000000.0,,,8474000000.0,,,-384000000.0,9984000000.0,,-485000000.0,,-1607000000.0,56000000.0,4548000000.0,68700000000.0,3340000000.0,4490000000.0,3020000000.0,,99.81641356933382,1544.4304366795889,6837000000.0,,6.462991870577979,6.139979199568583,0.648174144332182,2.1951061284894684,2.944273074862853,2.3099714485805096,3.8849273217507654,-5.80636524882032,24.835179545530607,61.82542557044549,0.0,-2.845100105374078,-35.148148148148145,43.49490538573508,-56.82634730538922,-37.48344370860927,129.91198420400926,-275.9747102212856,-366.7844522968198,8.436616856609838,1.5619167034752006,40.23253494435974,47.765079675432595,47.030012708964705,7839000000.0,40.967601910827625,0.9494196585590217,40.163283400136685,7.435646809056324,454.3251149185123,34353000000.0,113.53761411347791,0.8816266953189936,67.47495320929208,10.775721455457967,49327000000.0,45.55588392840651,712000000.0,,,,"{'segments': [{'name': 'IndustrialSuppliesBusiness', 'type': 'Segment'}, {'name': 'Reconcile', 'type': 'Reconcile'}, {'name': 'OverseasMushroomsBusiness', 'type': 'Segment'}, {'name': 'DomesticMushroomsBusiness', 'type': 'Segment'}, {'name': 'ProcessedFoodBusiness', 'type': 'Segment'}], 'periods': [{'name': 'CurrentYTDDuration', 'start_date': '2018-04-01', 'end_date': '2018-09-30'}, {'name': 'Prior1YTDDuration', 'start_date': '2017-04-01', 'end_date': '2017-09-30'}], 'values': [{'segment': 'IndustrialSuppliesBusiness', 'period': 'CurrentYTDDuration', 'net_sales': '5602000000', 'operating_income': '-107000000', 'revenues_from_external_customers': '5112000000', 'transactions_with_other_segments': '489000000'}, {'segment': 'Reconcile', 'period': 'CurrentYTDDuration', 'net_sales': '-497000000', 'operating_income': '-953000000', 'revenues_from_external_customers': None, 'transactions_with_other_segments': '-497000000'}, {'segment': 'OverseasMushroomsBusiness', 'period': 'CurrentYTDDuration', 'net_sales': '2335000000', 'operating_income': '4000000', 'revenues_from_external_customers': '2335000000', 'transactions_with_other_segments': None}, {'segment': 'OverseasMushroomsBusiness', 'period': 'Prior1YTDDuration', 'net_sales': '2169000000', 'operating_income': '-115000000', 'revenues_from_external_customers': '2169000000', 'transactions_with_other_segments': None}, {'segment': 'DomesticMushroomsBusiness', 'period': 'CurrentYTDDuration', 'net_sales': '18541000000', 'operating_income': '-1076000000', 'revenues_from_external_customers': '18534000000', 'transactions_with_other_segments': '7000000'}, {'segment': 'DomesticMushroomsBusiness', 'period': 'Prior1YTDDuration', 'net_sales': '17185000000', 'operating_income': '-1850000000', 'revenues_from_external_customers': '17180000000', 'transactions_with_other_segments': '4000000'}, {'segment': 'Reconcile', 'period': 'Prior1YTDDuration', 'net_sales': '-263000000', 'operating_income': '-932000000', 'revenues_from_external_customers': None, 'transactions_with_other_segments': '-263000000'}, {'segment': 'IndustrialSuppliesBusiness', 'period': 'Prior1YTDDuration', 'net_sales': '5277000000', 'operating_income': '-102000000', 'revenues_from_external_customers': '5017000000', 'transactions_with_other_segments': '259000000'}, {'segment': 'ProcessedFoodBusiness', 'period': 'Prior1YTDDuration', 'net_sales': '3411000000', 'operating_income': '216000000', 'revenues_from_external_customers': '3411000000', 'transactions_with_other_segments': None}, {'segment': 'ProcessedFoodBusiness', 'period': 'CurrentYTDDuration', 'net_sales': '3898000000', 'operating_income': '142000000', 'revenues_from_external_customers': '3898000000', 'transactions_with_other_segments': None}]}",,,2018.0,2.0,2018-11-09 10:30:00+00:00
5,ホクト株式会社,代表取締役社長　　水野　雅義,長野県長野市南堀138番地１,2018-12-31T00:00:00.000Z,2019-02-13T13:26:00.000Z,2019-02-13T13:26:00.000Z,2019-02-04T15:00:00.000Z,【E00008】ホクト株式会社 四半期報告書－第56期第3四半期(平成30年10月1日－平成30年12月31日),【13790】ホクト株式会社 平成31年３月期 第３四半期決算短信〔日本基準〕(連結),Japan GAAP,31675709.0,33359040.0,1683331.0,107500000000.0,25206000000.0,9702000000.0,8398000000.0,8398000000.0,,,,6406000000.0,1843000000.0,3838000000.0,725000000.0,,,-12000000.0,82293000000.0,73569000000.0,64046000000.0,55965000000.0,13985000000.0,,392000000.0,264000000.0,8331000000.0,6249000000.0,,-19000000.0,,56948000000.0,41431000000.0,29083000000.0,6706000000.0,6706000000.0,,,,14672000000.0,,,,,,,,680000000.0,27865000000.0,,,,9998000000.0,16761000000.0,,,50551000000.0,50112000000.0,5500000000.0,5695000000.0,42026000000.0,-3110000000.0,439000000.0,,52004000000.0,38089000000.0,13914000000.0,26.755634181986,11769000000.0,2144000000.0,4.122759787708638,623000000.0,,,134000000.0,,92000000.0,80000000.0,,2676000000.0,128000000.0,123000000.0,,189000000.0,,,,2614000000.0,924000000.0,35.34812547819434,1690000000.0,,1690000000.0,3.2497500192292903,,2614000000.0,,,,,,,,,,,,,,,,,,,,,,,,,,,,,0.0,68700000000.0,3340000000.0,4490000000.0,3020000000.0,,100.64494531124781,1595.891665755611,3340000000.0,2144000000.0,6.306502344167277,5.940999981364492,0.6528651162790697,2.1265652509346995,2.965581395348837,2.3308908264660477,3.759653696267136,0.0,22.630951465271902,0.0,0.0,3.731343283582089,26.8,75.69723435225619,64.19161676646706,55.96026490066225,32.10522267517884,55.78358208955223,78.69822485207101,9.025116279069767,1.658863257484006,43.6753914765684,45.71688337080849,47.85785511780232,8098000000.0,41.53441972957456,0.9539751797632154,38.54046511627907,7.08393770571221,432.8353531132469,31729000000.0,106.12549151152606,0.8195881387114003,86.66918818553795,9.95263488080301,50551000000.0,47.02418604651163,1751000000.0,,,,"{'segments': [{'name': 'DomesticMushroomsBusiness', 'type': 'Segment'}, {'name': 'Reconcile', 'type': 'Reconcile'}, {'name': 'IndustrialSuppliesBusiness', 'type': 'Segment'}, {'name': 'ProcessedFoodBusiness', 'type': 'Segment'}, {'name': 'OverseasMushroomsBusiness', 'type': 'Segment'}], 'periods': [{'name': 'Prior1YTDDuration', 'start_date': '2017-04-01', 'end_date': '2017-12-31'}, {'name': 'CurrentYTDDuration', 'start_date': '2018-04-01', 'end_date': '2018-12-31'}], 'values': [{'segment': 'DomesticMushroomsBusiness', 'period': 'Prior1YTDDuration', 'net_sales': '32131000000', 'operating_income': '2050000000', 'revenues_from_external_customers': '32124000000', 'transactions_with_other_segments': '7000000'}, {'segment': 'DomesticMushroomsBusiness', 'period': 'CurrentYTDDuration', 'net_sales': '34148000000', 'operating_income': '3062000000', 'revenues_from_external_customers': '34136000000', 'transactions_with_other_segments': '12000000'}, {'segment': 'Reconcile', 'period': 'Prior1YTDDuration', 'net_sales': '-395000000', 'operating_income': '-1418000000', 'revenues_from_external_customers': None, 'transactions_with_other_segments': '-395000000'}, {'segment': 'IndustrialSuppliesBusiness', 'period': 'Prior1YTDDuration', 'net_sales': '7945000000', 'operating_income': '-152000000', 'revenues_from_external_customers': '7557000000', 'transactions_with_other_segments': '388000000'}, {'segment': 'ProcessedFoodBusiness', 'period': 'Prior1YTDDuration', 'net_sales': '5608000000', 'operating_income': '377000000', 'revenues_from_external_customers': '5608000000', 'transactions_with_other_segments': None}, {'segment': 'Reconcile', 'period': 'CurrentYTDDuration', 'net_sales': '-635000000', 'operating_income': '-1450000000', 'revenues_from_external_customers': None, 'transactions_with_other_segments': '-635000000'}, {'segment': 'ProcessedFoodBusiness', 'period': 'CurrentYTDDuration', 'net_sales': '6228000000', 'operating_income': '280000000', 'revenues_from_external_customers': '6228000000', 'transactions_with_other_segments': None}, {'segment': 'IndustrialSuppliesBusiness', 'period': 'CurrentYTDDuration', 'net_sales': '8535000000', 'operating_income': '-83000000', 'revenues_from_external_customers': '7912000000', 'transactions_with_other_segments': '623000000'}, {'segment': 'OverseasMushroomsBusiness', 'period': 'CurrentYTDDuration', 'net_sales': '3727000000', 'operating_income': '199000000', 'revenues_from_external_customers': '3727000000', 'transactions_with_other_segments': None}, {'segment': 'OverseasMushroomsBusiness', 'period': 'Prior1YTDDuration', 'net_sales': '3588000000', 'operating_income': '-13000000', 'revenues_from_external_customers': '3588000000', 'transactions_with_other_segments': None}]}",,,2018.0,3.0,2019-02-13 13:26:00+00:00
6,ホクト株式会社,代表取締役社長　　水野　雅義,長野県長野市南堀138番地１,2019-03-31T00:00:00.000Z,2019-06-21T16:15:00.000Z,2019-06-21T16:15:00.000Z,2019-05-10T15:30:00.000Z,【E00008】ホクト株式会社 有価証券報告書－第56期(平成30年4月1日－平成31年3月31日),【13790】ホクト株式会社 2019年３月期　決算短信〔日本基準〕（連結）,Japan GAAP,31682790.0,33359040.0,1676250.0,103606000000.0,22470000000.0,9055000000.0,6804000000.0,6804000000.0,,,,6052000000.0,1677000000.0,3665000000.0,710000000.0,,,-29000000.0,81136000000.0,72365000000.0,64413000000.0,56235000000.0,13989000000.0,489000000.0,363000000.0,222000000.0,8406000000.0,6202000000.0,429000000.0,-19000000.0,,51575000000.0,37443000000.0,25265000000.0,6239000000.0,6239000000.0,,,,10923000000.0,,,1043000000.0,,,,,1551000000.0,26309000000.0,,,,9983000000.0,15494000000.0,,167000000.0,52030000000.0,51630000000.0,5500000000.0,5697000000.0,43529000000.0,-3096000000.0,400000000.0,,70183000000.0,51045000000.0,19138000000.0,27.268711796303947,15456000000.0,3682000000.0,5.246284712822193,1052000000.0,,10000000.0,135000000.0,,124000000.0,106000000.0,,4610000000.0,128000000.0,123000000.0,,190000000.0,0.0,,,4548000000.0,1359000000.0,29.88126649076517,3188000000.0,,3188000000.0,4.542410555262671,9572000000.0,4548000000.0,7110000000.0,167000000.0,16000000.0,-279000000.0,369000000.0,-10305000000.0,-10297000000.0,216000000.0,,,,,,,-243000000.0,285000000.0,,,1194000000.0,,5000000000.0,-1074000000.0,9984000000.0,,-1000000000.0,,-1928000000.0,37000000.0,19869000000.0,72200000000.0,2710000000.0,2990000000.0,2120000000.0,60.0,100.62245149495988,1642.2164840912053,9987000000.0,10959000000.0,6.12723428791082,5.783115045532054,0.6774028531166149,1.9912742648472035,3.0770418701619597,2.396253618410023,3.6535986930616953,13.63863043757035,22.022427083481755,37.151217473090185,0.38043400823561263,2.8788701792504074,34.735849056603776,97.20637119113573,135.8671586715867,150.37735849056602,2.873915335622579,-26.398696360673547,-33.500627352572145,8.739841321931161,1.548238177336392,35.38549221321403,43.190536709355754,44.52507576498191,6617000000.0,34.05095315758786,0.9698473018724522,36.13979885334826,6.402063177692604,391.1721688257417,28388000000.0,93.55839349853063,0.7196425139342687,88.9372649910944,8.904642409033878,52030000000.0,50.21909927996448,-6322000000.0,4166.0,16846615.458473355,883821.4114258281,"{'segments': [{'name': 'DomesticMushroomsBusiness', 'type': 'Segment'}, {'name': 'OverseasMushroomsBusiness', 'type': 'Segment'}, {'name': 'ProcessedFoodBusiness', 'type': 'Segment'}, {'name': 'IndustrialSuppliesBusiness', 'type': 'Segment'}, {'name': 'Reconcile', 'type': 'Reconcile'}], 'periods': [{'name': 'CurrentYearInstant', 'instant': '2019-03-31'}, {'name': 'CurrentYearDuration', 'start_date': '2018-04-01', 'end_date': '2019-03-31'}, {'name': 'Prior1YearInstant', 'instant': '2018-03-31'}, {'name': 'Prior1YearDuration', 'start_date': '2017-04-01', 'end_date': '2018-03-31'}], 'values': [{'segment': 'IndustrialSuppliesBusiness', 'period': 'CurrentYearDuration', 'net_sales': '10990000000', 'operating_income': '-185000000', 'revenues_from_external_customers': '10226000000', 'transactions_with_other_segments': '764000000'}, {'segment': 'Reconcile', 'period': 'CurrentYearDuration', 'net_sales': '-778000000', 'operating_income': '-1943000000', 'revenues_from_external_customers': None, 'transactions_with_other_segments': '-778000000'}, {'segment': 'ProcessedFoodBusiness', 'period': 'Prior1YearDuration', 'net_sales': '7463000000', 'operating_income': '297000000', 'revenues_from_external_customers': '7463000000', 'transactions_with_other_segments': None}, {'segment': 'ProcessedFoodBusiness', 'period': 'CurrentYearDuration', 'net_sales': '7972000000', 'operating_income': '247000000', 'revenues_from_external_customers': '7972000000', 'transactions_with_other_segments': None}, {'segment': 'OverseasMushroomsBusiness', 'period': 'Prior1YearDuration', 'net_sales': '4790000000', 'operating_income': '119000000', 'revenues_from_external_customers': '4790000000', 'transactions_with_other_segments': None}, {'segment': 'OverseasMushroomsBusiness', 'period': 'CurrentYearDuration', 'net_sales': '5092000000', 'operating_income': '371000000', 'revenues_from_external_customers': '5092000000', 'transactions_with_other_segments': None}, {'segment': 'Reconcile', 'period': 'Prior1YearDuration', 'net_sales': '-544000000', 'operating_income': '-1861000000', 'revenues_from_external_customers': None, 'transactions_with_other_segments': '-544000000'}, {'segment': 'DomesticMushroomsBusiness', 'period': 'CurrentYearDuration', 'net_sales': '46907000000', 'operating_income': '5013000000', 'revenues_from_external_customers': '46893000000', 'transactions_with_other_segments': '14000000'}, {'segment': 'IndustrialSuppliesBusiness', 'period': 'Prior1YearDuration', 'net_sales': '10523000000', 'operating_income': '-235000000', 'revenues_from_external_customers': '9989000000', 'transactions_with_other_segments': '534000000'}, {'segment': 'DomesticMushroomsBusiness', 'period': 'Prior1YearDuration', 'net_sales': '44674000000', 'operating_income': '4861000000', 'revenues_from_external_customers': '44664000000', 'transactions_with_other_segments': '10000000'}]}",10356000000.0,267000000.0,2018.0,4.0,2019-06-21 16:15:00+00:00
7,ホクト株式会社,代表取締役社長　　水野　雅義,長野県長野市南堀138番地１,2019-06-30T00:00:00.000Z,2019-08-09T16:10:00.000Z,2019-08-09T16:10:00.000Z,2019-08-02T15:00:00.000Z,【E00008】ホクト株式会社 四半期報告書－第57期第1四半期(平成31年4月1日－令和1年6月30日),【13790】ホクト株式会社 2020年３月期 第１四半期決算短信〔日本基準〕（連結）,Japan GAAP,31682786.0,33359040.0,1676254.0,103423000000.0,23963000000.0,10586000000.0,6443000000.0,6443000000.0,,,,6663000000.0,2075000000.0,3874000000.0,714000000.0,,,-29000000.0,79460000000.0,70762000000.0,64169000000.0,56301000000.0,13968000000.0,,406000000.0,273000000.0,8291000000.0,5902000000.0,,-19000000.0,,53687000000.0,39633000000.0,27832000000.0,6253000000.0,6253000000.0,,,,14440000000.0,,,,,,,,133000000.0,25854000000.0,,,,9983000000.0,15210000000.0,,,49736000000.0,49433000000.0,5500000000.0,5697000000.0,41332000000.0,-3096000000.0,302000000.0,,15738000000.0,12462000000.0,3276000000.0,20.815859702630576,3887000000.0,-610000000.0,,155000000.0,,,84000000.0,,280000000.0,21000000.0,,-735000000.0,0.0,0.0,0.0,0.0,,,,-734000000.0,-152000000.0,20.708446866485012,-582000000.0,,-582000000.0,,,-734000000.0,,,,,,,,,,,,,,,,,,,,,,,,,,,,,0.0,72200000000.0,2710000000.0,2990000000.0,2120000000.0,,48.32277060483254,1569.8114427184528,2710000000.0,,3.078253176773363,2.8978649303452455,0.6886282548369318,2.079439440244491,1.4803283602293493,2.8544573621725653,3.82211508766286,0.0,24.698182742406914,0.0,0.0,-3.4426229508196724,-29.047619047619047,21.797783933518005,-22.509225092250922,-27.452830188679247,358.762231541492,-544.2622950819672,-464.2611683848797,10.235634239965966,1.7836562763268744,33.02014883459702,47.448931811530585,44.52921666178909,6853000000.0,35.939863984338515,1.0064724004409147,38.32126316196591,6.677843302443134,367.7212840972351,29047000000.0,101.61833737129012,0.7968674601898021,86.09873526875539,18.972566949706074,49736000000.0,48.08988329481837,-582000000.0,,,,"{'segments': [{'name': 'IndustrialSuppliesBusiness', 'type': 'Segment'}, {'name': 'DomesticMushroomsBusiness', 'type': 'Segment'}, {'name': 'Reconcile', 'type': 'Reconcile'}, {'name': 'ProcessedFoodBusiness', 'type': 'Segment'}, {'name': 'OverseasMushroomsBusiness', 'type': 'Segment'}], 'periods': [{'name': 'CurrentYTDDuration', 'start_date': '2019-04-01', 'end_date': '2019-06-30'}, {'name': 'Prior1YTDDuration', 'start_date': '2018-04-01', 'end_date': '2018-06-30'}], 'values': [{'segment': 'IndustrialSuppliesBusiness', 'period': 'CurrentYTDDuration', 'net_sales': '2694000000', 'operating_income': '-43000000', 'revenues_from_external_customers': '2515000000', 'transactions_with_other_segments': '178000000'}, {'segment': 'DomesticMushroomsBusiness', 'period': 'CurrentYTDDuration', 'net_sales': '10195000000', 'operating_income': '-173000000', 'revenues_from_external_customers': '10192000000', 'transactions_with_other_segments': '2000000'}, {'segment': 'Reconcile', 'period': 'CurrentYTDDuration', 'net_sales': '-180000000', 'operating_income': '-531000000', 'revenues_from_external_customers': None, 'transactions_with_other_segments': '-180000000'}, {'segment': 'ProcessedFoodBusiness', 'period': 'Prior1YTDDuration', 'net_sales': '1794000000', 'operating_income': '73000000', 'revenues_from_external_customers': '1794000000', 'transactions_with_other_segments': None}, {'segment': 'ProcessedFoodBusiness', 'period': 'CurrentYTDDuration', 'net_sales': '1858000000', 'operating_income': '125000000', 'revenues_from_external_customers': '1858000000', 'transactions_with_other_segments': None}, {'segment': 'OverseasMushroomsBusiness', 'period': 'CurrentYTDDuration', 'net_sales': '1171000000', 'operating_income': '12000000', 'revenues_from_external_customers': '1171000000', 'transactions_with_other_segments': None}, {'segment': 'OverseasMushroomsBusiness', 'period': 'Prior1YTDDuration', 'net_sales': '1096000000', 'operating_income': '-20000000', 'revenues_from_external_customers': '1096000000', 'transactions_with_other_segments': None}, {'segment': 'Reconcile', 'period': 'Prior1YTDDuration', 'net_sales': '-145000000', 'operating_income': '-524000000', 'revenues_from_external_customers': None, 'transactions_with_other_segments': '-145000000'}, {'segment': 'DomesticMushroomsBusiness', 'period': 'Prior1YTDDuration', 'net_sales': '8441000000', 'operating_income': '-1177000000', 'revenues_from_external_customers': '8439000000', 'transactions_with_other_segments': '2000000'}, {'segment': 'IndustrialSuppliesBusiness', 'period': 'Prior1YTDDuration', 'net_sales': '2587000000', 'operating_income': '-72000000', 'revenues_from_external_customers': '2444000000', 'transactions_with_other_segments': '142000000'}]}",,,2019.0,1.0,2019-08-09 16:10:00+00:00
8,ホクト株式会社,代表取締役社長　　水野　雅義,長野県長野市南堀138番地１,2019-09-30T00:00:00.000Z,2019-11-12T13:18:00.000Z,2019-11-12T13:18:00.000Z,2019-11-05T15:00:00.000Z,【E00008】ホクト株式会社 四半期報告書－第57期第2四半期(令和1年7月1日－令和1年9月30日),【13790】ホクト株式会社 2020年３月期 第２四半期決算短信〔日本基準〕（連結）,Japan GAAP,31604160.0,33359040.0,1754880.0,103040000000.0,24581000000.0,10400000000.0,6464000000.0,6464000000.0,,,,7388000000.0,2405000000.0,4251000000.0,732000000.0,,,-29000000.0,78458000000.0,69672000000.0,64190000000.0,56974000000.0,13918000000.0,,354000000.0,222000000.0,8431000000.0,5864000000.0,,-20000000.0,,53694000000.0,40356000000.0,28107000000.0,6223000000.0,6223000000.0,,,,15439000000.0,,,,,,,,199000000.0,25586000000.0,,,,9983000000.0,14934000000.0,,,49345000000.0,49037000000.0,5500000000.0,5697000000.0,41083000000.0,-3244000000.0,308000000.0,,32143000000.0,25293000000.0,6850000000.0,21.311016395482685,7810000000.0,-960000000.0,,210000000.0,,,86000000.0,,321000000.0,46000000.0,,-1071000000.0,12000000.0,11000000.0,,1000000.0,,,,-1060000000.0,-228000000.0,21.50943396226415,-831000000.0,,-831000000.0,,288000000.0,-1060000000.0,3585000000.0,98000000.0,347000000.0,-1308000000.0,-209000000.0,-1275000000.0,-1159000000.0,61000000.0,,,,,,,-176000000.0,163000000.0,,,2268000000.0,,,-522000000.0,,,-147000000.0,,-1582000000.0,-44000000.0,1447000000.0,,,,,,48.442989783623425,1561.3450887478105,,,3.1026446448475022,2.911255205461218,0.6911878881987578,2.088154828250076,1.4858307453416149,2.843892487263241,3.8428404093626507,0.8959960177954764,24.297669788134275,52.33576642335767,0.0,-4.791666666666667,-20.869565217391305,,,,-100.0,-100.0,-100.0,10.093167701863354,1.7523167649536646,33.12777309744454,52.61184274704907,44.31557896790557,7629000000.0,41.42403687658804,1.0222183947640373,39.16537267080745,6.79966301600674,374.42939320838747,29956000000.0,102.1011998706954,0.8178336204276015,87.45508236382395,19.56629653821032,49345000000.0,47.889169254658384,-1130000000.0,,,,"{'segments': [{'name': 'IndustrialSuppliesBusiness', 'type': 'Segment'}, {'name': 'Reconcile', 'type': 'Reconcile'}, {'name': 'OverseasMushroomsBusiness', 'type': 'Segment'}, {'name': 'DomesticMushroomsBusiness', 'type': 'Segment'}, {'name': 'ProcessedFoodBusiness', 'type': 'Segment'}], 'periods': [{'name': 'CurrentYTDDuration', 'start_date': '2019-04-01', 'end_date': '2019-09-30'}, {'name': 'Prior1YTDDuration', 'start_date': '2018-04-01', 'end_date': '2018-09-30'}], 'values': [{'segment': 'IndustrialSuppliesBusiness', 'period': 'CurrentYTDDuration', 'net_sales': '5545000000', 'operating_income': '-28000000', 'revenues_from_external_customers': '5176000000', 'transactions_with_other_segments': '369000000'}, {'segment': 'Reconcile', 'period': 'CurrentYTDDuration', 'net_sales': '-373000000', 'operating_income': '-970000000', 'revenues_from_external_customers': None, 'transactions_with_other_segments': '-373000000'}, {'segment': 'OverseasMushroomsBusiness', 'period': 'CurrentYTDDuration', 'net_sales': '2408000000', 'operating_income': '103000000', 'revenues_from_external_customers': '2408000000', 'transactions_with_other_segments': None}, {'segment': 'OverseasMushroomsBusiness', 'period': 'Prior1YTDDuration', 'net_sales': '2335000000', 'operating_income': '4000000', 'revenues_from_external_customers': '2335000000', 'transactions_with_other_segments': None}, {'segment': 'DomesticMushroomsBusiness', 'period': 'CurrentYTDDuration', 'net_sales': '20702000000', 'operating_income': '-299000000', 'revenues_from_external_customers': '20698000000', 'transactions_with_other_segments': '3000000'}, {'segment': 'DomesticMushroomsBusiness', 'period': 'Prior1YTDDuration', 'net_sales': '18541000000', 'operating_income': '-1026000000', 'revenues_from_external_customers': '18534000000', 'transactions_with_other_segments': '7000000'}, {'segment': 'Reconcile', 'period': 'Prior1YTDDuration', 'net_sales': '-497000000', 'operating_income': '-913000000', 'revenues_from_external_customers': None, 'transactions_with_other_segments': '-497000000'}, {'segment': 'IndustrialSuppliesBusiness', 'period': 'Prior1YTDDuration', 'net_sales': '5602000000', 'operating_income': '-107000000', 'revenues_from_external_customers': '5112000000', 'transactions_with_other_segments': '489000000'}, {'segment': 'ProcessedFoodBusiness', 'period': 'Prior1YTDDuration', 'net_sales': '3898000000', 'operating_income': '142000000', 'revenues_from_external_customers': '3898000000', 'transactions_with_other_segments': None}, {'segment': 'ProcessedFoodBusiness', 'period': 'CurrentYTDDuration', 'net_sales': '3860000000', 'operating_income': '234000000', 'revenues_from_external_customers': '3860000000', 'transactions_with_other_segments': None}]}",,,2019.0,2.0,2019-11-12 13:18:00+00:00
9,ホクト株式会社,代表取締役社長　　水野　雅義,長野県長野市南堀138番地１,2019-12-31T00:00:00.000Z,2020-02-13T15:46:00.000Z,2020-02-13T15:46:00.000Z,2020-02-03T15:00:00.000Z,【E00008】ホクト株式会社 四半期報告書－第57期第3四半期(令和1年10月1日－令和1年12月31日),【13790】ホクト株式会社 2020年３月期 第３四半期決算短信〔日本基準〕（連結）,Japan GAAP,31246223.0,33359040.0,2112817.0,103172000000.0,25742000000.0,10532000000.0,8060000000.0,8060000000.0,,,,6742000000.0,2085000000.0,3868000000.0,789000000.0,,,-29000000.0,77430000000.0,68400000000.0,64062000000.0,57301000000.0,13866000000.0,,328000000.0,204000000.0,8701000000.0,6287000000.0,,-20000000.0,,54332000000.0,34670000000.0,25842000000.0,6356000000.0,6356000000.0,,,,7431000000.0,,,,,,,,192000000.0,28489000000.0,,,,9983000000.0,17256000000.0,,,48840000000.0,48151000000.0,5500000000.0,5697000000.0,40913000000.0,-3958000000.0,688000000.0,,53449000000.0,38814000000.0,14634000000.0,27.379370989167242,12185000000.0,2449000000.0,4.581937922131377,345000000.0,,,136000000.0,,207000000.0,71000000.0,,2587000000.0,12000000.0,11000000.0,,2765000000.0,,,235000000.0,-165000000.0,520000000.0,-315.1515151515151,-685000000.0,,-685000000.0,,,-165000000.0,,,,,,,,,,,,,,,,,,,,,,,,,,,,,0.0,71000000000.0,4400000000.0,4630000000.0,2160000000.0,,48.997922084854864,1563.0689187617972,4400000000.0,2449000000.0,3.1347256347256347,2.8997310504185765,0.6903035707362463,2.1124488124488123,1.4839297483813438,3.054723985151479,3.838602334152334,0.0,22.797433067035865,0.0,0.0,2.8991425071457737,34.49295774647887,75.28028169014084,55.65909090909091,-31.712962962962962,32.83690995154258,79.66516945692119,-415.32846715328463,10.208196022176558,1.7745577085088458,41.30721707385566,48.01151107209053,45.26270607745586,8446000000.0,44.05602206849032,1.0412280701754386,33.604078625983796,5.84161752316765,321.6737799220635,24138000000.0,102.90541308382893,0.7098689598689598,99.61303304697779,15.766165904637491,48840000000.0,47.33842515411158,2068000000.0,,,,"{'segments': [{'name': 'DomesticMushroomsBusiness', 'type': 'Segment'}, {'name': 'Reconcile', 'type': 'Reconcile'}, {'name': 'IndustrialSuppliesBusiness', 'type': 'Segment'}, {'name': 'ProcessedFoodBusiness', 'type': 'Segment'}, {'name': 'OverseasMushroomsBusiness', 'type': 'Segment'}], 'periods': [{'name': 'Prior1YTDDuration', 'start_date': '2018-04-01', 'end_date': '2018-12-31'}, {'name': 'CurrentYTDDuration', 'start_date': '2019-04-01', 'end_date': '2019-12-31'}], 'values': [{'segment': 'DomesticMushroomsBusiness', 'period': 'Prior1YTDDuration', 'net_sales': '34148000000', 'operating_income': '3138000000', 'revenues_from_external_customers': '34136000000', 'transactions_with_other_segments': '12000000'}, {'segment': 'DomesticMushroomsBusiness', 'period': 'CurrentYTDDuration', 'net_sales': '35671000000', 'operating_income': '3077000000', 'revenues_from_external_customers': '35666000000', 'transactions_with_other_segments': '5000000'}, {'segment': 'Reconcile', 'period': 'Prior1YTDDuration', 'net_sales': '-635000000', 'operating_income': '-1390000000', 'revenues_from_external_customers': None, 'transactions_with_other_segments': '-635000000'}, {'segment': 'IndustrialSuppliesBusiness', 'period': 'Prior1YTDDuration', 'net_sales': '8535000000', 'operating_income': '-83000000', 'revenues_from_external_customers': '7912000000', 'transactions_with_other_segments': '623000000'}, {'segment': 'ProcessedFoodBusiness', 'period': 'Prior1YTDDuration', 'net_sales': '6228000000', 'operating_income': '280000000', 'revenues_from_external_customers': '6228000000', 'transactions_with_other_segments': None}, {'segment': 'Reconcile', 'period': 'CurrentYTDDuration', 'net_sales': '-516000000', 'operating_income': '-1463000000', 'revenues_from_external_customers': None, 'transactions_with_other_segments': '-516000000'}, {'segment': 'ProcessedFoodBusiness', 'period': 'CurrentYTDDuration', 'net_sales': '6084000000', 'operating_income': '444000000', 'revenues_from_external_customers': '6084000000', 'transactions_with_other_segments': None}, {'segment': 'IndustrialSuppliesBusiness', 'period': 'CurrentYTDDuration', 'net_sales': '8246000000', 'operating_income': '20000000', 'revenues_from_external_customers': '7735000000', 'transactions_with_other_segments': '510000000'}, {'segment': 'OverseasMushroomsBusiness', 'period': 'CurrentYTDDuration', 'net_sales': '3963000000', 'operating_income': '371000000', 'revenues_from_external_customers': '3963000000', 'transactions_with_other_segments': None}, {'segment': 'OverseasMushroomsBusiness', 'period': 'Prior1YTDDuration', 'net_sales': '3727000000', 'operating_income': '199000000', 'revenues_from_external_customers': '3727000000', 'transactions_with_other_segments': None}]}",,,2019.0,3.0,2020-02-13 15:46:00+00:00
10,ホクト株式会社,代表取締役社長　　水野　雅義,長野県長野市南堀138番地１,2020-03-31T00:00:00.000Z,2020-06-26T16:05:00.000Z,2020-06-26T16:05:00.000Z,2020-05-15T15:00:00.000Z,有価証券報告書－第57期(平成31年4月1日－令和2年3月31日),2020年３月期　決算短信〔日本基準〕（連結）,Japan GAAP,31262843.0,33359040.0,2096197.0,100602000000.0,25212000000.0,12178000000.0,5798000000.0,5798000000.0,,,,6154000000.0,1823000000.0,3643000000.0,688000000.0,,,-43000000.0,75389000000.0,67271000000.0,63960000000.0,57268000000.0,13854000000.0,724000000.0,304000000.0,188000000.0,7814000000.0,5794000000.0,,-20000000.0,,50056000000.0,35333000000.0,22585000000.0,5873000000.0,5873000000.0,,,,4437000000.0,,,4234000000.0,,,,,1240000000.0,27471000000.0,,,,9982000000.0,16680000000.0,,,50545000000.0,50402000000.0,5500000000.0,5697000000.0,43130000000.0,-3925000000.0,142000000.0,,71220000000.0,51255000000.0,19965000000.0,28.03285593934288,16041000000.0,3923000000.0,5.508284189834316,624000000.0,,13000000.0,138000000.0,,360000000.0,90000000.0,,4187000000.0,1867000000.0,12000000.0,,3150000000.0,,,235000000.0,2904000000.0,1372000000.0,47.24517906336088,1531000000.0,,1531000000.0,2.1496770570064587,10778000000.0,2904000000.0,7075000000.0,134000000.0,1023000000.0,-66000000.0,-631000000.0,-2896000000.0,-2726000000.0,62000000.0,,,,,,,-360000000.0,358000000.0,,,-4837000000.0,,5730000000.0,-1357000000.0,,,-876000000.0,46000000.0,-1900000000.0,-31000000.0,13504000000.0,72800000000.0,4340000000.0,4510000000.0,2740000000.0,60.0,48.971873735219795,1616.7755440540068,11549000000.0,11132000000.0,3.028984073597784,2.810721498072333,0.7079382119639769,1.9903452369175982,1.5218385320371364,2.970493024988938,3.711090275991691,15.133389497332212,22.523167649536646,35.43701477585775,0.3650659926986802,2.2941626306398164,43.58888888888889,97.82967032967034,90.39170506912443,55.87591240875913,2.218477955630438,10.62962018863114,78.96799477465709,12.10512713464941,2.0518955349620893,29.71454647570907,43.824212271973465,41.82313920593113,6079000000.0,31.71561954175141,1.0587028585869096,35.12156815967874,5.953327716933446,327.8251994804231,23155000000.0,91.89645676519184,0.6990404589969335,111.63161390303299,15.124101894186806,50545000000.0,50.24253990974334,-7964000000.0,4181.0,17034202.343936857,938292.2745754605,"{'segments': [{'name': 'DomesticMushroomsBusiness', 'type': 'Segment'}, {'name': 'OverseasMushroomsBusiness', 'type': 'Segment'}, {'name': 'ProcessedFoodBusiness', 'type': 'Segment'}, {'name': 'IndustrialSuppliesBusiness', 'type': 'Segment'}, {'name': 'Reconcile', 'type': 'Reconcile'}], 'periods': [{'name': 'CurrentYearInstant', 'instant': '2020-03-31'}, {'name': 'Prior1YearInstant', 'instant': '2019-03-31'}, {'name': 'Prior1YearDuration', 'start_date': '2018-04-01', 'end_date': '2019-03-31'}, {'name': 'CurrentYearDuration', 'start_date': '2019-04-01', 'end_date': '2020-03-31'}], 'values': [{'segment': 'ProcessedFoodBusiness', 'period': 'Prior1YearDuration', 'net_sales': '7972000000', 'operating_income': '247000000', 'revenues_from_external_customers': '7972000000', 'transactions_with_other_segments': None}, {'segment': 'ProcessedFoodBusiness', 'period': 'CurrentYearDuration', 'net_sales': '7873000000', 'operating_income': '439000000', 'revenues_from_external_customers': '7873000000', 'transactions_with_other_segments': None}, {'segment': 'Reconcile', 'period': 'CurrentYearDuration', 'net_sales': '-600000000', 'operating_income': '-1766000000', 'revenues_from_external_customers': None, 'transactions_with_other_segments': '-600000000'}, {'segment': 'OverseasMushroomsBusiness', 'period': 'Prior1YearDuration', 'net_sales': '5092000000', 'operating_income': '371000000', 'revenues_from_external_customers': '5092000000', 'transactions_with_other_segments': None}, {'segment': 'IndustrialSuppliesBusiness', 'period': 'Prior1YearDuration', 'net_sales': '10990000000', 'operating_income': '-185000000', 'revenues_from_external_customers': '10226000000', 'transactions_with_other_segments': '764000000'}, {'segment': 'IndustrialSuppliesBusiness', 'period': 'CurrentYearDuration', 'net_sales': '10446000000', 'operating_income': '-79000000', 'revenues_from_external_customers': '9853000000', 'transactions_with_other_segments': '592000000'}, {'segment': 'OverseasMushroomsBusiness', 'period': 'CurrentYearDuration', 'net_sales': '5301000000', 'operating_income': '603000000', 'revenues_from_external_customers': '5301000000', 'transactions_with_other_segments': None}, {'segment': 'Reconcile', 'period': 'Prior1YearDuration', 'net_sales': '-778000000', 'operating_income': '-1865000000', 'revenues_from_external_customers': None, 'transactions_with_other_segments': '-778000000'}, {'segment': 'DomesticMushroomsBusiness', 'period': 'CurrentYearDuration', 'net_sales': '48200000000', 'operating_income': '4725000000', 'revenues_from_external_customers': '48192000000', 'transactions_with_other_segments': '8000000'}, {'segment': 'DomesticMushroomsBusiness', 'period': 'Prior1YearDuration', 'net_sales': '46907000000', 'operating_income': '5113000000', 'revenues_from_external_customers': '46893000000', 'transactions_with_other_segments': '14000000'}]}",2504000000.0,260000000.0,2019.0,4.0,2020-06-26 16:05:00+00:00
