,company_name,ceo_name,headquarters_address,end_date,updated_date,edinet_updated_date,tdnet_updated_date,edinet_title,tdnet_title,accounting_standard,num_of_shares,issued_share_num,treasury_stock_num,assets,current_assets,cash_and_deposits,trade_receivables,notes_accounts_receivable,notes_receivable,accounts_receivable,current_securities,inventories,merchandise,work_in_process,raw_materials_and_supplies,prepaid_expenses,current_dta,current_allowance_doubtful_accounts,non_current_assets,tangible_fixed_assets,buildings,machineries,land,construction_in_progress,intangible_assets,good_will,investments_and_other_assets,investment_securities,non_current_dta,non_current_allowance_doubtful_accounts,lease_and_guarantee_deposits,liabilities,debt,current_liabilities,trade_payables,notes_accounts_payable,accounts_payable,notes_payable,short_term_bonds_payable,short_term_loans_payable,commercial_papers_liabilities,current_lease_obligations,current_portion_of_long_term_loans,current_portion_of_bonds,current_portion_of_convertible_bonds,current_portion_of_bonds_with_subscription_rights,advances_received,corporate_tax_payable,non_current_liabilities,bonds_payable,convertible_bonds,convertible_bond_type_bonds_with_subscription_rights,non_current_bonds_with_subscription_right,long_term_loans_payable,non_current_lease_obligations,non_current_dtl,net_assets,shareholders_equity,capital_stock,additional_capital_stock,retained_earnings,treasury_stock,valuation_and_translation_adjustments,non_controlling_interests,net_sales,cost_of_sales,gross_profit,gross_margin,sga,operating_income,operating_margin,non_operating_income,interest_and_dividends_income,interest_income,dividends_income,equity_method_income,non_operating_expenses,interest_expense,equity_method_loss,ordinary_income,extraordinary_income,gain_of_sales_non_current_assets,gain_of_sales_investment_securities,extraordinary_loss,loss_of_sales_non_current_assets,loss_of_valuation_investment_securities,impairment_loss,income_before_income_taxes,income_taxes,real_corporate_tax_rate,net_income,non_controling_interests,profit_loss_attributable_to_owners_of_parent,net_profit_margin,operating_cash_flow,income_before_taxes,depreciation,amortization,decrease_trade_receivables_op_cf,decrease_inventories_op_cf,increase_trade_payables_op_cf,investment_cash_flow,purchase_of_property,sale_of_property,purchase_of_intangible_assets,sale_of_intangible_assets,purchase_of_non_current_assets,sale_of_non_current_assets,purchase_of_securities,sale_of_securities,purchase_of_investment_securities,sale_of_investment_securities,lending,return_of_lending,financial_cash_flow,net_short_term_debt,long_term_debt_issuance,long_term_debt_repayment,bonds_issuance,bonds_repayment,share_repurchase,share_sales,dividend_payment,cash_translation_difference,free_cash_flow,ex_net_sales,ex_operating_income,ex_ordinary_income,ex_net_income,dividend,eps_actual,bps,ebitda_forecast,ebitda_actual,roe,real_roe,total_asset_turnover,financial_leverage,roa,roic,doe,net_sales_operating_cash_flow_ratio,sga_ratio,depreciation_gross_profit_ratio,r_and_d_ratio,interest_op_income_ratio,interest_coverage_ratio,net_sales_progress,operating_income_progress,net_income_progress,net_sales_growth_rate_forecast,operating_income_growth_rate_forecast,net_income_growth_rate_forecast,cash_assets_ratio,cash_monthly_sales_ratio,accounts_receivable_turnover,inventory_turnover,trade_payable_turnover,working_capital,ccc,tangible_fixed_assets_turnover,debt_assets_ratio,debt_monthly_sales_ratio,operating_cash_flow_debt_ratio,net_debt,adjusted_debt_ratio,de_ratio,current_ratio,net_debt_net_income_ratio,equity,equity_ratio,accrual,employee_num,net_sales_per_employee,operating_income_per_employee,segment_member,increase_in_properties,r_and_d_expenses,fiscal_year,fiscal_quarter,to_datetime
0,株式会社ホーブ,代表取締役社長　　政場　秀,北海道上川郡東神楽町14号北１番地,2017-12-31T00:00:00.000Z,2018-02-14T12:59:00.000Z,2018-02-14T12:59:00.000Z,2018-02-07T15:00:00.000Z,【E00010】株式会社ホーブ 四半期報告書－第32期第2四半期(平成29年10月1日－平成29年12月31日),【13820】株式会社ホーブ 平成30年６月期　第２四半期決算短信〔日本基準〕（連結）,Japan GAAP,761788.0,762000.0,212.0,1965524000.0,1878263000.0,440760000.0,1269664000.0,,,1269664000.0,,103188000.0,67706000.0,31171000.0,4310000.0,,,-505000.0,87261000.0,46456000.0,8788000.0,8788000.0,37400000.0,,,,40805000.0,,,-993000.0,,1520734000.0,555244000.0,1346903000.0,745804000.0,,745804000.0,,,500000000.0,,,13008000.0,,,,,4307000.0,173831000.0,,,,,42236000.0,,,444790000.0,444469000.0,421250000.0,432250000.0,-408798000.0,-232000.0,320000.0,,2257643000.0,1908043000.0,349600000.0,15.485176354277447,364231000.0,-14630000.0,,2738000.0,,114000.0,14000.0,,214000.0,96000.0,,-12107000.0,,,,1583000.0,,,1583000.0,-13690000.0,1447000.0,-10.569758948137327,-15138000.0,,-15138000.0,,-341846000.0,-13690000.0,2771000.0,,-938284000.0,-44188000.0,640877000.0,-11861000.0,-11884000.0,,,,,,,,,,,,493419000.0,,,-6504000.0,,,-66000.0,,-9000.0,,-329962000.0,3873000000.0,-40000000.0,-38000000.0,-46000000.0,,-84.43031394561217,583.8763540512583,,,,,1.969051001157961,4.418993232761528,,,,-15.14172081236936,16.13324161525981,0.7926201372997712,0.0,-0.6561859193438141,-152.39583333333334,58.29184095016783,36.575,32.90869565217391,71.5505950232167,173.4107997265892,203.8710529792575,22.42455446995305,1.3666210447631233,119.7419576214977,11.546336950183846,83.4525747450761,627048000.0,47.83571982660544,83.30930342689857,28.24915900289185,1.7215902880897893,-725.9609853041159,114484000.0,341.7210834520541,1.2483284246498347,139.450502374707,-1.7799682825958518,444790000.0,22.62958885264184,328291000.0,,,,"{'segments': [{'name': 'Reconcile', 'type': 'Reconcile'}, {'name': 'TransportationBusiness', 'type': 'Segment'}, {'name': 'SeedPotatoBusiness', 'type': 'Segment'}, {'name': 'SeedsAndSeedlingsBusiness', 'type': 'Segment'}, {'name': 'StrawberryAndFruitBusiness', 'type': 'Segment'}], 'periods': [{'name': 'CurrentYTDDuration', 'start_date': '2017-07-01', 'end_date': '2017-12-31'}, {'name': 'Prior1YTDDuration', 'start_date': '2016-07-01', 'end_date': '2016-12-31'}], 'values': [{'segment': 'Reconcile', 'period': 'CurrentYTDDuration', 'net_sales': '-83923000', 'operating_income': '-86306000', 'revenues_from_external_customers': None, 'transactions_with_other_segments': '-83923000'}, {'segment': 'TransportationBusiness', 'period': 'CurrentYTDDuration', 'net_sales': '125045000', 'operating_income': '2310000', 'revenues_from_external_customers': '41122000', 'transactions_with_other_segments': '83923000'}, {'segment': 'SeedPotatoBusiness', 'period': 'CurrentYTDDuration', 'net_sales': '206888000', 'operating_income': '1379000', 'revenues_from_external_customers': '206888000', 'transactions_with_other_segments': None}, {'segment': 'SeedsAndSeedlingsBusiness', 'period': 'CurrentYTDDuration', 'net_sales': '6769000', 'operating_income': '-1108000', 'revenues_from_external_customers': '6769000', 'transactions_with_other_segments': None}, {'segment': 'StrawberryAndFruitBusiness', 'period': 'CurrentYTDDuration', 'net_sales': '2002863000', 'operating_income': '69093000', 'revenues_from_external_customers': '2002863000', 'transactions_with_other_segments': None}, {'segment': 'Reconcile', 'period': 'Prior1YTDDuration', 'net_sales': '-93326000', 'operating_income': '-82213000', 'revenues_from_external_customers': None, 'transactions_with_other_segments': '-93326000'}, {'segment': 'StrawberryAndFruitBusiness', 'period': 'Prior1YTDDuration', 'net_sales': '1781359000', 'operating_income': '9086000', 'revenues_from_external_customers': '1781359000', 'transactions_with_other_segments': None}, {'segment': 'SeedsAndSeedlingsBusiness', 'period': 'Prior1YTDDuration', 'net_sales': '8791000', 'operating_income': '434000', 'revenues_from_external_customers': '8791000', 'transactions_with_other_segments': None}, {'segment': 'SeedPotatoBusiness', 'period': 'Prior1YTDDuration', 'net_sales': '332341000', 'operating_income': '25545000', 'revenues_from_external_customers': '332341000', 'transactions_with_other_segments': None}, {'segment': 'TransportationBusiness', 'period': 'Prior1YTDDuration', 'net_sales': '135949000', 'operating_income': '9981000', 'revenues_from_external_customers': '42622000', 'transactions_with_other_segments': '93326000'}]}",,,2017.0,2.0,2018-02-14 12:59:00+00:00
1,株式会社ホーブ,代表取締役社長　　政場　秀,北海道上川郡東神楽町14号北１番地,2018-03-31T00:00:00.000Z,2018-05-14T09:18:00.000Z,2018-05-14T09:18:00.000Z,2018-05-09T15:00:00.000Z,【E00010】株式会社ホーブ 四半期報告書－第32期第3四半期(平成30年1月1日－平成30年3月31日),【13820】株式会社ホーブ 平成30年６月期　第３四半期決算短信〔日本基準〕（連結）,Japan GAAP,761788.0,762000.0,212.0,848286000.0,764265000.0,344520000.0,346349000.0,,,346349000.0,,58781000.0,58781000.0,,,,,-168000.0,84020000.0,44715000.0,7079000.0,7079000.0,37400000.0,,,,39305000.0,,,-993000.0,,420069000.0,51992000.0,246452000.0,165102000.0,,165102000.0,,,,,,13008000.0,,,,,3296000.0,173616000.0,,,,,38984000.0,,,428217000.0,428028000.0,421250000.0,432250000.0,-425238000.0,-232000.0,188000.0,,3145596000.0,2652638000.0,492958000.0,15.671370385771091,523197000.0,-30238000.0,,3126000.0,,119000.0,20000.0,,251000.0,171000.0,,-27363000.0,115000.0,115000.0,,1583000.0,,,1583000.0,-28831000.0,2748000.0,-9.531407165897818,-31579000.0,,-31579000.0,,,-28831000.0,,,,,,,,,,,,,,,,,,,,,,,,,,,,,0.0,3873000000.0,-40000000.0,-38000000.0,-46000000.0,,-84.43031394561217,562.1209575367425,,,,,4.562396408758367,1.9809722640623797,,,,0.0,16.632682645832457,0.0,0.0,-0.5655135921687943,-176.83040935672514,81.21859024012393,75.595,68.65,23.12452075854623,32.283881209074686,45.66642388929352,40.613660958686104,1.0682191722066232,32.664159399847605,6.5773658978636735,18.474273395639546,240028000.0,20.76725190207173,86.5529911662753,6.129064961581354,0.16120646465043176,-67.9776162334606,-292528000.0,98.04410793349967,0.12141507693529216,310.10703909889145,4.548151372866072,428217000.0,50.48026255295973,-30111000.0,,,,"{'segments': [{'name': 'Reconcile', 'type': 'Reconcile'}, {'name': 'StrawberryAndFruitBusiness', 'type': 'Segment'}, {'name': 'SeedsAndSeedlingsBusiness', 'type': 'Segment'}, {'name': 'SeedPotatoBusiness', 'type': 'Segment'}, {'name': 'TransportationBusiness', 'type': 'Segment'}], 'periods': [{'name': 'Prior1YTDDuration', 'start_date': '2016-07-01', 'end_date': '2017-03-31'}, {'name': 'CurrentYTDDuration', 'start_date': '2017-07-01', 'end_date': '2018-03-31'}], 'values': [{'segment': 'Reconcile', 'period': 'Prior1YTDDuration', 'net_sales': '-153954000', 'operating_income': '-121725000', 'revenues_from_external_customers': None, 'transactions_with_other_segments': '-153954000'}, {'segment': 'StrawberryAndFruitBusiness', 'period': 'Prior1YTDDuration', 'net_sales': '2582951000', 'operating_income': '-3613000', 'revenues_from_external_customers': '2582951000', 'transactions_with_other_segments': None}, {'segment': 'SeedsAndSeedlingsBusiness', 'period': 'Prior1YTDDuration', 'net_sales': '30328000', 'operating_income': '5393000', 'revenues_from_external_customers': '30328000', 'transactions_with_other_segments': None}, {'segment': 'SeedPotatoBusiness', 'period': 'Prior1YTDDuration', 'net_sales': '439619000', 'operating_income': '2857000', 'revenues_from_external_customers': '439619000', 'transactions_with_other_segments': None}, {'segment': 'TransportationBusiness', 'period': 'Prior1YTDDuration', 'net_sales': '219061000', 'operating_income': '17775000', 'revenues_from_external_customers': '65106000', 'transactions_with_other_segments': '153954000'}, {'segment': 'Reconcile', 'period': 'CurrentYTDDuration', 'net_sales': '-138697000', 'operating_income': '-125746000', 'revenues_from_external_customers': None, 'transactions_with_other_segments': '-138697000'}, {'segment': 'TransportationBusiness', 'period': 'CurrentYTDDuration', 'net_sales': '203216000', 'operating_income': '5287000', 'revenues_from_external_customers': '64518000', 'transactions_with_other_segments': '138697000'}, {'segment': 'SeedPotatoBusiness', 'period': 'CurrentYTDDuration', 'net_sales': '273354000', 'operating_income': '-17469000', 'revenues_from_external_customers': '273354000', 'transactions_with_other_segments': None}, {'segment': 'SeedsAndSeedlingsBusiness', 'period': 'CurrentYTDDuration', 'net_sales': '28896000', 'operating_income': '2247000', 'revenues_from_external_customers': '28896000', 'transactions_with_other_segments': None}, {'segment': 'StrawberryAndFruitBusiness', 'period': 'CurrentYTDDuration', 'net_sales': '2778826000', 'operating_income': '105442000', 'revenues_from_external_customers': '2778826000', 'transactions_with_other_segments': None}]}",,,2017.0,3.0,2018-05-14 09:18:00+00:00
2,株式会社ホーブ,代表取締役社長　　政場　秀,北海道上川郡東神楽町14号北１番地,2018-06-30T00:00:00.000Z,2018-09-21T13:33:00.000Z,2018-09-21T13:33:00.000Z,2018-08-10T15:00:00.000Z,【E00010】株式会社ホーブ 有価証券報告書－第32期(平成29年7月1日－平成30年6月30日),【13820】株式会社ホーブ 平成30年６月期　決算短信〔日本基準〕（連結）,Japan GAAP,761788.0,762000.0,212.0,813712000.0,726416000.0,198105000.0,464984000.0,,,464984000.0,,50338000.0,21288000.0,25541000.0,3508000.0,,106000.0,-182000.0,87296000.0,42637000.0,414020000.0,280007000.0,37400000.0,,,,44658000.0,1331000.0,3732000.0,0.0,,418247000.0,48740000.0,245281000.0,156790000.0,,156790000.0,,,,,,13008000.0,,,,,2731000.0,172965000.0,,,,,35732000.0,,650000.0,395464000.0,395289000.0,421250000.0,432250000.0,-457978000.0,-232000.0,174000.0,,3870217000.0,3261954000.0,608262000.0,15.716483080922853,671891000.0,-63629000.0,,4546000.0,,122000.0,36000.0,,243000.0,209000.0,,-59326000.0,20000.0,20000.0,,1583000.0,,,1583000.0,-60889000.0,3429000.0,-5.6315590664980535,-64318000.0,,-64318000.0,,-76484000.0,-60889000.0,6747000.0,,-133604000.0,8662000.0,54136000.0,-13373000.0,-12041000.0,20000.0,,,,,,,,,,,-13085000.0,,,-13008000.0,,,-66000.0,,-11000.0,,-64443000.0,3677000000.0,52000000.0,51000000.0,41000000.0,0.0,-84.43031394561217,519.1260560680925,58747000.0,,,,4.756249139744774,2.057613335221411,,,,-1.9762199380551528,17.360551100881423,1.109225958550756,0.5966073736950667,-0.3284665797042229,-304.444976076555,105.25474571661681,-122.36346153846154,-156.87317073170732,-4.992407402478982,-181.723742318754,-163.74576323890668,24.345837347857717,0.6142446276268231,43.852621183773415,5.632626946915867,17.544192836563607,358532000.0,31.94105529412568,90.77132537467457,5.989834241107419,0.15112330910644028,-63.72574656137231,-149365000.0,105.69907201488012,0.12324762810268444,296.1566529816822,2.3222892502876333,395464000.0,48.59999606740468,13729000.0,48.0,80629520.83333333,-1325604.1666666667,"{'segments': [{'name': 'SeedPotatoBusiness', 'type': 'Segment'}, {'name': 'Reconcile', 'type': 'Reconcile'}, {'name': 'StrawberryAndFruitBusiness', 'type': 'Segment'}, {'name': 'SeedsAndSeedlingsBusiness', 'type': 'Segment'}, {'name': 'TransportationBusiness', 'type': 'Segment'}, {'name': 'Total', 'type': 'Total'}], 'periods': [{'name': 'CurrentYearInstant', 'instant': '2018-06-30'}, {'name': 'CurrentYearDuration', 'start_date': '2017-07-01', 'end_date': '2018-06-30'}, {'name': 'Prior1YearInstant', 'instant': '2017-06-30'}, {'name': 'Prior1YearDuration', 'start_date': '2016-07-01', 'end_date': '2017-06-30'}], 'values': [{'segment': 'SeedPotatoBusiness', 'period': 'CurrentYearDuration', 'net_sales': '282422000', 'operating_income': '-31896000', 'revenues_from_external_customers': '282422000', 'transactions_with_other_segments': None}, {'segment': 'SeedPotatoBusiness', 'period': 'Prior1YearDuration', 'net_sales': '450442000', 'operating_income': '-17043000', 'revenues_from_external_customers': '450442000', 'transactions_with_other_segments': None}, {'segment': 'Reconcile', 'period': 'Prior1YearDuration', 'net_sales': '-201172000', 'operating_income': '-165137000', 'revenues_from_external_customers': None, 'transactions_with_other_segments': '-201172000'}, {'segment': 'StrawberryAndFruitBusiness', 'period': 'Prior1YearDuration', 'net_sales': '3146924000', 'operating_income': '-29015000', 'revenues_from_external_customers': '3146924000', 'transactions_with_other_segments': None}, {'segment': 'SeedsAndSeedlingsBusiness', 'period': 'Prior1YearDuration', 'net_sales': '42046000', 'operating_income': '8332000', 'revenues_from_external_customers': '42046000', 'transactions_with_other_segments': None}, {'segment': 'TransportationBusiness', 'period': 'Prior1YearDuration', 'net_sales': '284390000', 'operating_income': '19594000', 'revenues_from_external_customers': '83217000', 'transactions_with_other_segments': '201172000'}, {'segment': 'Total', 'period': 'Prior1YearDuration', 'net_sales': '3923803000', 'operating_income': '-18132000', 'revenues_from_external_customers': '3722630000', 'transactions_with_other_segments': '201172000'}, {'segment': 'TransportationBusiness', 'period': 'CurrentYearDuration', 'net_sales': '273142000', 'operating_income': '6670000', 'revenues_from_external_customers': '89574000', 'transactions_with_other_segments': '183567000'}, {'segment': 'SeedsAndSeedlingsBusiness', 'period': 'CurrentYearDuration', 'net_sales': '41406000', 'operating_income': '3342000', 'revenues_from_external_customers': '41406000', 'transactions_with_other_segments': None}, {'segment': 'StrawberryAndFruitBusiness', 'period': 'CurrentYearDuration', 'net_sales': '3456813000', 'operating_income': '122179000', 'revenues_from_external_customers': '3456813000', 'transactions_with_other_segments': None}, {'segment': 'Reconcile', 'period': 'CurrentYearDuration', 'net_sales': '-183567000', 'operating_income': '-163925000', 'revenues_from_external_customers': None, 'transactions_with_other_segments': '-183567000'}, {'segment': 'Total', 'period': 'CurrentYearDuration', 'net_sales': '4053784000', 'operating_income': '100295000', 'revenues_from_external_customers': '3870217000', 'transactions_with_other_segments': '183567000'}]}",12041000.0,23090000.0,2017.0,4.0,2018-09-21 13:33:00+00:00
3,株式会社ホーブ,代表取締役社長　　政場　秀,北海道上川郡東神楽町14号北１番地,2018-09-30T00:00:00.000Z,2018-11-14T09:38:00.000Z,2018-11-14T09:38:00.000Z,2018-11-09T15:00:00.000Z,【E00010】株式会社ホーブ 四半期報告書－第33期第1四半期(平成30年7月1日－平成30年9月30日),【13820】株式会社ホーブ 平成31年６月期　第１四半期決算短信〔日本基準〕（連結）,Japan GAAP,761787.0,762000.0,213.0,730133000.0,632173000.0,366218000.0,181437000.0,,,181437000.0,,75175000.0,75175000.0,,,,,-68000.0,97960000.0,50376000.0,7871000.0,4234000.0,37400000.0,,,,47584000.0,,,0.0,,370234000.0,45488000.0,216046000.0,120261000.0,,120261000.0,,,,,,13008000.0,,,,,95000.0,154188000.0,,,,,32480000.0,,,359899000.0,359607000.0,421250000.0,432250000.0,-493659000.0,-233000.0,292000.0,,568065000.0,441784000.0,126281000.0,22.230026493447053,163292000.0,-37011000.0,,752000.0,,4000.0,,,104000.0,35000.0,,-36363000.0,,,,,,,,-36363000.0,-623000.0,1.713279982399692,-35739000.0,,-35739000.0,,,-36363000.0,,,,,,,,,,,,,,,,,,,,,,,,,,,,,0.0,3677000000.0,52000000.0,51000000.0,41000000.0,,58.58986829651858,472.4404590784563,52000000.0,,12.40153487506217,12.39351126809059,4.918594283507251,2.0287163898760485,6.112995851440765,10.239598211092117,,0.0,28.74530203409821,0.0,0.0,-0.09456648023560563,-1057.4571428571428,15.449143323361437,-71.175,-87.16829268292683,547.2850818128207,-240.4987706357569,-214.72061333557178,50.15771099238084,1.2237084362229298,18.440629500549672,9.407622886969497,15.049818902691568,136351000.0,12.7984334848276,71.28847070033349,6.230097804098706,0.1519970327698492,352.12881250967644,-320730000.0,102.80508258083147,0.12639101525705823,292.6103700137934,-7.185938655255081,359899000.0,49.29225223349719,-35739000.0,,,,"{'segments': [{'name': 'TransportationBusiness', 'type': 'Segment'}, {'name': 'SeedsAndSeedlingsBusiness', 'type': 'Segment'}, {'name': 'StrawberryAndFruitBusiness', 'type': 'Segment'}, {'name': 'SeedPotatoBusiness', 'type': 'Segment'}, {'name': 'Reconcile', 'type': 'Reconcile'}], 'periods': [{'name': 'CurrentYTDDuration', 'start_date': '2018-07-01', 'end_date': '2018-09-30'}, {'name': 'Prior1YTDDuration', 'start_date': '2017-07-01', 'end_date': '2017-09-30'}], 'values': [{'segment': 'TransportationBusiness', 'period': 'CurrentYTDDuration', 'net_sales': '62228000', 'operating_income': '-1358000', 'revenues_from_external_customers': '24078000', 'transactions_with_other_segments': '38150000'}, {'segment': 'SeedsAndSeedlingsBusiness', 'period': 'CurrentYTDDuration', 'net_sales': '1420000', 'operating_income': '-1528000', 'revenues_from_external_customers': '1420000', 'transactions_with_other_segments': None}, {'segment': 'StrawberryAndFruitBusiness', 'period': 'CurrentYTDDuration', 'net_sales': '529587000', 'operating_income': '14973000', 'revenues_from_external_customers': '529587000', 'transactions_with_other_segments': None}, {'segment': 'SeedPotatoBusiness', 'period': 'CurrentYTDDuration', 'net_sales': '12979000', 'operating_income': '-5177000', 'revenues_from_external_customers': '12979000', 'transactions_with_other_segments': None}, {'segment': 'SeedPotatoBusiness', 'period': 'Prior1YTDDuration', 'net_sales': '25191000', 'operating_income': '-3204000', 'revenues_from_external_customers': '25191000', 'transactions_with_other_segments': None}, {'segment': 'Reconcile', 'period': 'Prior1YTDDuration', 'net_sales': '-34423000', 'operating_income': '-45325000', 'revenues_from_external_customers': None, 'transactions_with_other_segments': '-34423000'}, {'segment': 'StrawberryAndFruitBusiness', 'period': 'Prior1YTDDuration', 'net_sales': '655118000', 'operating_income': '-19651000', 'revenues_from_external_customers': '655118000', 'transactions_with_other_segments': None}, {'segment': 'SeedsAndSeedlingsBusiness', 'period': 'Prior1YTDDuration', 'net_sales': '6679000', 'operating_income': '862000', 'revenues_from_external_customers': '6679000', 'transactions_with_other_segments': None}, {'segment': 'TransportationBusiness', 'period': 'Prior1YTDDuration', 'net_sales': '53267000', 'operating_income': '-1682000', 'revenues_from_external_customers': '18844000', 'transactions_with_other_segments': '34423000'}, {'segment': 'Reconcile', 'period': 'CurrentYTDDuration', 'net_sales': '-38150000', 'operating_income': '-43920000', 'revenues_from_external_customers': None, 'transactions_with_other_segments': '-38150000'}]}",,,2018.0,1.0,2018-11-14 09:38:00+00:00
4,株式会社ホーブ,代表取締役社長　　政場　秀,北海道上川郡東神楽町14号北１番地,2018-12-31T00:00:00.000Z,2019-02-14T09:13:00.000Z,2019-02-14T09:13:00.000Z,2019-02-08T15:00:00.000Z,【E00010】株式会社ホーブ 四半期報告書－第33期第2四半期(平成30年10月1日－平成30年12月31日),【13820】株式会社ホーブ 平成31年６月期　第２四半期決算短信〔日本基準〕（連結）,Japan GAAP,761787.0,762000.0,213.0,1690037000.0,1601384000.0,399172000.0,998068000.0,,,998068000.0,,129020000.0,93403000.0,31997000.0,3618000.0,,,-198000.0,88653000.0,49233000.0,7697000.0,3348000.0,37400000.0,,,,39420000.0,,,0.0,,1267342000.0,492236000.0,1118413000.0,588566000.0,,588566000.0,,,450000000.0,,,13008000.0,,,,,5058000.0,148928000.0,,,,,29228000.0,,,422695000.0,422752000.0,421250000.0,432250000.0,-430514000.0,-233000.0,-56000.0,,1806439000.0,1446317000.0,360122000.0,19.935464192258912,334085000.0,26036000.0,1.4412886347117173,2453000.0,,6000.0,16000.0,,87000.0,73000.0,,28403000.0,175000.0,175000.0,,0.0,,,,28578000.0,1114000.0,3.898103436209672,27463000.0,,27463000.0,1.5202838291245926,-234643000.0,28578000.0,2089000.0,,-533083000.0,-78681000.0,431775000.0,-7781000.0,-8685000.0,185000.0,,,,,,,,,,,443491000.0,,,-6504000.0,,,0.0,,-3000.0,,-225958000.0,3477000000.0,13000000.0,16000000.0,12000000.0,,58.58986829651858,554.8729500503422,15089000.0,28125000.0,10.55915021469381,10.553332955018348,2.1249404598834225,3.9982422313961603,2.640948097586029,4.536954152826826,,-12.98925676427491,18.494120200017825,0.5800811947062384,0.0,0.28038101090797357,356.6575342465753,51.953954558527464,200.27692307692308,228.85833333333332,92.47812962408362,-50.06913504378553,-56.30484652077341,23.619127865247922,1.3338234163912734,101.44018146439045,16.145946190579373,73.65489819876407,538522000.0,43.931229456205756,72.94351349704466,29.12575286813247,1.6447944825558276,3810.4660164112092,93064000.0,299.65904361971775,1.164518151385751,143.1836003336871,2.0850939887527167,422695000.0,25.01099088363154,261931000.0,,,,"{'segments': [{'name': 'Reconcile', 'type': 'Reconcile'}, {'name': 'TransportationBusiness', 'type': 'Segment'}, {'name': 'SeedPotatoBusiness', 'type': 'Segment'}, {'name': 'SeedsAndSeedlingsBusiness', 'type': 'Segment'}, {'name': 'StrawberryAndFruitBusiness', 'type': 'Segment'}], 'periods': [{'name': 'CurrentYTDDuration', 'start_date': '2018-07-01', 'end_date': '2018-12-31'}, {'name': 'Prior1YTDDuration', 'start_date': '2017-07-01', 'end_date': '2017-12-31'}], 'values': [{'segment': 'Reconcile', 'period': 'CurrentYTDDuration', 'net_sales': '-86898000', 'operating_income': '-84608000', 'revenues_from_external_customers': None, 'transactions_with_other_segments': '-86898000'}, {'segment': 'TransportationBusiness', 'period': 'CurrentYTDDuration', 'net_sales': '132591000', 'operating_income': '485000', 'revenues_from_external_customers': '45692000', 'transactions_with_other_segments': '86898000'}, {'segment': 'SeedPotatoBusiness', 'period': 'CurrentYTDDuration', 'net_sales': '105672000', 'operating_income': '-7841000', 'revenues_from_external_customers': '105672000', 'transactions_with_other_segments': None}, {'segment': 'SeedsAndSeedlingsBusiness', 'period': 'CurrentYTDDuration', 'net_sales': '6451000', 'operating_income': '1184000', 'revenues_from_external_customers': '6451000', 'transactions_with_other_segments': None}, {'segment': 'StrawberryAndFruitBusiness', 'period': 'CurrentYTDDuration', 'net_sales': '1648623000', 'operating_income': '116815000', 'revenues_from_external_customers': '1648623000', 'transactions_with_other_segments': None}, {'segment': 'Reconcile', 'period': 'Prior1YTDDuration', 'net_sales': '-83923000', 'operating_income': '-86306000', 'revenues_from_external_customers': None, 'transactions_with_other_segments': '-83923000'}, {'segment': 'StrawberryAndFruitBusiness', 'period': 'Prior1YTDDuration', 'net_sales': '2002863000', 'operating_income': '69093000', 'revenues_from_external_customers': '2002863000', 'transactions_with_other_segments': None}, {'segment': 'SeedsAndSeedlingsBusiness', 'period': 'Prior1YTDDuration', 'net_sales': '6769000', 'operating_income': '-1108000', 'revenues_from_external_customers': '6769000', 'transactions_with_other_segments': None}, {'segment': 'SeedPotatoBusiness', 'period': 'Prior1YTDDuration', 'net_sales': '206888000', 'operating_income': '1379000', 'revenues_from_external_customers': '206888000', 'transactions_with_other_segments': None}, {'segment': 'TransportationBusiness', 'period': 'Prior1YTDDuration', 'net_sales': '125045000', 'operating_income': '2310000', 'revenues_from_external_customers': '41122000', 'transactions_with_other_segments': '83923000'}]}",,,2018.0,2.0,2019-02-14 09:13:00+00:00
5,株式会社ホーブ,代表取締役社長　　政場　秀,北海道上川郡東神楽町14号北１番地,2019-03-31T00:00:00.000Z,2019-05-14T11:36:00.000Z,2019-05-14T11:36:00.000Z,2019-05-09T15:00:00.000Z,【E00010】株式会社ホーブ 四半期報告書－第33期第3四半期(平成31年1月1日－平成31年3月31日),【13820】株式会社ホーブ 2019年６月期　第３四半期決算短信〔日本基準〕（連結）,Japan GAAP,761787.0,762000.0,213.0,836878000.0,748324000.0,288850000.0,385454000.0,,,385454000.0,,60320000.0,60320000.0,,,,,,88553000.0,48133000.0,7524000.0,2506000.0,37400000.0,,,,40419000.0,,,0.0,,403774000.0,38984000.0,258222000.0,171679000.0,,171679000.0,,,,,,13008000.0,,,,,9834000.0,145551000.0,,,,,25976000.0,,,433103000.0,433252000.0,421250000.0,432250000.0,-420013000.0,-233000.0,-148000.0,,2722335000.0,2196223000.0,526111000.0,19.325725893396662,484431000.0,41679000.0,1.5310018789017517,2740000.0,,9000.0,16000.0,,139000.0,138000.0,,44281000.0,175000.0,175000.0,,0.0,,,,44456000.0,6492000.0,14.603203167176535,37964000.0,,37964000.0,1.3945381446442118,,44456000.0,,,,,,,,,,,,,,,,,,,,,,,,,,,,,0.0,3477000000.0,13000000.0,16000000.0,12000000.0,,58.58986829651858,568.5355617777673,13000000.0,41679000.0,10.305400793806555,10.299859693171118,4.2912204646316425,1.932284006344911,5.333274384079878,8.792870805593036,,0.0,17.794687281322837,0.0,0.0,0.3311019938098323,302.0217391304348,78.29551337359793,320.60769230769233,316.3666666666667,27.721239303759447,-68.8092324671897,-68.39110736487198,34.51518620396282,0.9651851678590164,39.17621214804518,7.548624044456269,21.484420214327052,274095000.0,25.240415978174397,74.6105166933289,4.658265601437725,0.13026407680047047,301.78046137172936,-249866000.0,93.17804198128012,0.09001092118964772,289.7987003431156,-5.598234490175431,433103000.0,51.75222672838813,37789000.0,,,,"{'segments': [{'name': 'Reconcile', 'type': 'Reconcile'}, {'name': 'SeedsAndSeedlingsBusiness', 'type': 'Segment'}, {'name': 'SeedPotatoBusiness', 'type': 'Segment'}, {'name': 'TransportationBusiness', 'type': 'Segment'}, {'name': 'StrawberryAndFruitBusiness', 'type': 'Segment'}], 'periods': [{'name': 'Prior1YTDDuration', 'start_date': '2017-07-01', 'end_date': '2018-03-31'}, {'name': 'CurrentYTDDuration', 'start_date': '2018-07-01', 'end_date': '2019-03-31'}], 'values': [{'segment': 'Reconcile', 'period': 'Prior1YTDDuration', 'net_sales': '-138697000', 'operating_income': '-125746000', 'revenues_from_external_customers': None, 'transactions_with_other_segments': '-138697000'}, {'segment': 'SeedsAndSeedlingsBusiness', 'period': 'Prior1YTDDuration', 'net_sales': '28896000', 'operating_income': '2247000', 'revenues_from_external_customers': '28896000', 'transactions_with_other_segments': None}, {'segment': 'SeedPotatoBusiness', 'period': 'Prior1YTDDuration', 'net_sales': '273354000', 'operating_income': '-17469000', 'revenues_from_external_customers': '273354000', 'transactions_with_other_segments': None}, {'segment': 'TransportationBusiness', 'period': 'Prior1YTDDuration', 'net_sales': '203216000', 'operating_income': '5287000', 'revenues_from_external_customers': '64518000', 'transactions_with_other_segments': '138697000'}, {'segment': 'Reconcile', 'period': 'CurrentYTDDuration', 'net_sales': '-144022000', 'operating_income': '-122428000', 'revenues_from_external_customers': None, 'transactions_with_other_segments': '-144022000'}, {'segment': 'TransportationBusiness', 'period': 'CurrentYTDDuration', 'net_sales': '209827000', 'operating_income': '5215000', 'revenues_from_external_customers': '65804000', 'transactions_with_other_segments': '144022000'}, {'segment': 'SeedPotatoBusiness', 'period': 'CurrentYTDDuration', 'net_sales': '145845000', 'operating_income': '-18078000', 'revenues_from_external_customers': '145845000', 'transactions_with_other_segments': None}, {'segment': 'SeedsAndSeedlingsBusiness', 'period': 'CurrentYTDDuration', 'net_sales': '31778000', 'operating_income': '3431000', 'revenues_from_external_customers': '31778000', 'transactions_with_other_segments': None}, {'segment': 'StrawberryAndFruitBusiness', 'period': 'CurrentYTDDuration', 'net_sales': '2478906000', 'operating_income': '173539000', 'revenues_from_external_customers': '2478906000', 'transactions_with_other_segments': None}, {'segment': 'StrawberryAndFruitBusiness', 'period': 'Prior1YTDDuration', 'net_sales': '2778826000', 'operating_income': '105442000', 'revenues_from_external_customers': '2778826000', 'transactions_with_other_segments': None}]}",,,2018.0,3.0,2019-05-14 11:36:00+00:00
6,株式会社ホーブ,代表取締役社長　　政場　秀,北海道上川郡東神楽町14号北１番地,2019-06-30T00:00:00.000Z,2019-09-27T12:43:00.000Z,2019-09-27T12:43:00.000Z,2019-08-08T15:00:00.000Z,【E00010】株式会社ホーブ 有価証券報告書－第33期(平成30年7月1日－令和1年6月30日),【13820】株式会社ホーブ 2019年６月期　決算短信〔日本基準〕（連結）,Japan GAAP,761787.0,762000.0,213.0,1030435000.0,941637000.0,293116000.0,586332000.0,,,586332000.0,,53622000.0,21716000.0,28377000.0,3529000.0,,,-57000.0,88797000.0,47034000.0,421956000.0,274103000.0,37400000.0,,,,41763000.0,935000.0,4010000.0,-87000.0,,590657000.0,135732000.0,446041000.0,256153000.0,,256153000.0,,,100000000.0,,,13008000.0,,,,,10030000.0,144616000.0,,,,,22724000.0,,,439777000.0,439921000.0,421250000.0,432250000.0,-413344000.0,-233000.0,-144000.0,,3591228000.0,2916664000.0,674563000.0,18.783630557569722,628305000.0,46258000.0,1.2880830735336213,3117000.0,,11000.0,33000.0,,168000.0,166000.0,,49207000.0,175000.0,175000.0,,0.0,,,,49382000.0,4748000.0,9.61483941517152,44633000.0,,44633000.0,1.2428339275590412,12918000.0,49382000.0,4288000.0,,-121435000.0,-3284000.0,99362000.0,-4895000.0,-8685000.0,185000.0,,,,,,,,,,,86987000.0,,,-13008000.0,,,0.0,,-3000.0,,21603000.0,3798000000.0,99000000.0,98000000.0,79000000.0,0.0,58.58986829651858,577.2965408966023,103288000.0,50546000.0,10.149007337809843,10.143633099247744,3.485157239418304,2.3430852454766846,4.331471660027076,7.212745586949987,,0.35970982627669423,17.495547484036102,0.6356707972420663,0.6410063632829772,0.35885684638332827,278.66265060240966,94.55576619273302,46.72525252525252,56.49746835443038,5.757696253203637,114.01703489126204,76.99908139717249,28.4458505388501,0.9794399018942824,59.59275768622878,6.710416420952156,32.055747593826375,383801000.0,34.24742651335456,76.3538716673045,13.172301018501894,0.45354513832037396,1050.7199256850904,-157384000.0,134.23717642780846,0.308638241654293,211.1099652274118,-3.526180180583873,439777000.0,42.678771586757044,31540000.0,47.0,76409106.38297872,984212.7659574468,"{'segments': [{'name': 'Reconcile', 'type': 'Reconcile'}, {'name': 'StrawberryAndFruitBusiness', 'type': 'Segment'}, {'name': 'SeedsAndSeedlingsBusiness', 'type': 'Segment'}, {'name': 'TransportationBusiness', 'type': 'Segment'}, {'name': 'Total', 'type': 'Total'}, {'name': 'SeedPotatoBusiness', 'type': 'Segment'}], 'periods': [{'name': 'Prior1YearDuration', 'start_date': '2017-07-01', 'end_date': '2018-06-30'}, {'name': 'Prior1YearInstant', 'instant': '2018-06-30'}, {'name': 'CurrentYearDuration', 'start_date': '2018-07-01', 'end_date': '2019-06-30'}, {'name': 'CurrentYearInstant', 'instant': '2019-06-30'}], 'values': [{'segment': 'Reconcile', 'period': 'Prior1YearDuration', 'net_sales': '-183567000', 'operating_income': '-163925000', 'revenues_from_external_customers': None, 'transactions_with_other_segments': '-183567000'}, {'segment': 'StrawberryAndFruitBusiness', 'period': 'Prior1YearDuration', 'net_sales': '3456813000', 'operating_income': '122179000', 'revenues_from_external_customers': '3456813000', 'transactions_with_other_segments': None}, {'segment': 'SeedsAndSeedlingsBusiness', 'period': 'Prior1YearDuration', 'net_sales': '41406000', 'operating_income': '3342000', 'revenues_from_external_customers': '41406000', 'transactions_with_other_segments': None}, {'segment': 'TransportationBusiness', 'period': 'Prior1YearDuration', 'net_sales': '273142000', 'operating_income': '6670000', 'revenues_from_external_customers': '89574000', 'transactions_with_other_segments': '183567000'}, {'segment': 'Total', 'period': 'Prior1YearDuration', 'net_sales': '4053784000', 'operating_income': '100295000', 'revenues_from_external_customers': '3870217000', 'transactions_with_other_segments': '183567000'}, {'segment': 'TransportationBusiness', 'period': 'CurrentYearDuration', 'net_sales': '272178000', 'operating_income': '5687000', 'revenues_from_external_customers': '84618000', 'transactions_with_other_segments': '187560000'}, {'segment': 'SeedsAndSeedlingsBusiness', 'period': 'CurrentYearDuration', 'net_sales': '44802000', 'operating_income': '8162000', 'revenues_from_external_customers': '44802000', 'transactions_with_other_segments': None}, {'segment': 'StrawberryAndFruitBusiness', 'period': 'CurrentYearDuration', 'net_sales': '3312108000', 'operating_income': '224355000', 'revenues_from_external_customers': '3312108000', 'transactions_with_other_segments': None}, {'segment': 'Reconcile', 'period': 'CurrentYearDuration', 'net_sales': '-187560000', 'operating_income': '-161033000', 'revenues_from_external_customers': None, 'transactions_with_other_segments': '-187560000'}, {'segment': 'SeedPotatoBusiness', 'period': 'CurrentYearDuration', 'net_sales': '149699000', 'operating_income': '-30914000', 'revenues_from_external_customers': '149699000', 'transactions_with_other_segments': None}, {'segment': 'SeedPotatoBusiness', 'period': 'Prior1YearDuration', 'net_sales': '282422000', 'operating_income': '-31896000', 'revenues_from_external_customers': '282422000', 'transactions_with_other_segments': None}, {'segment': 'Total', 'period': 'CurrentYearDuration', 'net_sales': '3778789000', 'operating_income': '207292000', 'revenues_from_external_customers': '3591228000', 'transactions_with_other_segments': '187560000'}]}",8685000.0,23020000.0,2018.0,4.0,2019-09-27 12:43:00+00:00
7,株式会社ホーブ,代表取締役社長　　政場　秀,北海道上川郡東神楽町14号北１番地,2019-09-30T00:00:00.000Z,2019-11-14T10:52:00.000Z,2019-11-14T10:52:00.000Z,2019-11-07T15:00:00.000Z,【E00010】株式会社ホーブ 四半期報告書－第34期第1四半期(令和1年7月1日－令和1年9月30日),【13820】株式会社ホーブ 2020年６月期第１四半期決算短信〔日本基準〕（連結）,Japan GAAP,761787.0,762000.0,213.0,695834000.0,591665000.0,356987000.0,167937000.0,,,167937000.0,,59190000.0,59190000.0,,,,,-32000.0,104168000.0,58802000.0,9634000.0,11206000.0,37400000.0,,,,45366000.0,,,-87000.0,,277988000.0,32480000.0,139453000.0,66748000.0,,66748000.0,,,,,,13008000.0,,,,,1571000.0,138534000.0,,,,,19472000.0,,,417846000.0,418010000.0,421250000.0,432250000.0,-435255000.0,-233000.0,-164000.0,,520810000.0,391942000.0,128867000.0,24.74357251204854,151375000.0,-22507000.0,,166000.0,,2000.0,,,37000.0,37000.0,,-22378000.0,408000.0,408000.0,,,,,,-21970000.0,-59000.0,0.26854802002731,-21911000.0,,-21911000.0,,,-21970000.0,,,,,,,,,,,,,,,,,,,,,,,,,,,,,0.0,3798000000.0,99000000.0,98000000.0,79000000.0,,38.0001233940721,548.5076537142272,99000000.0,,6.92791124002623,6.924050239308839,4.6419117203241,1.6652881683682506,4.160187630957958,5.663008576009379,,0.0,29.065302125535226,0.0,0.0,-0.16439329986226509,-608.2972972972973,13.712743549236441,-22.734343434343433,-27.735443037974683,629.2486703404313,-539.86315368552,-460.5494956870978,51.30347180505696,1.326267492260062,18.97740092879257,8.245469339899884,9.298337345829319,160379000.0,17.924532922863136,54.93010441821707,4.667779959013213,0.12066873065015479,-33.378893604776636,-324507000.0,66.4917395994537,0.07773198738291141,424.27556237585424,-11.209997236423932,417846000.0,60.049667018283095,-22319000.0,,,,"{'segments': [{'name': 'TransportationBusiness', 'type': 'Segment'}, {'name': 'SeedsAndSeedlingsBusiness', 'type': 'Segment'}, {'name': 'StrawberryAndFruitBusiness', 'type': 'Segment'}, {'name': 'SeedPotatoBusiness', 'type': 'Segment'}, {'name': 'Reconcile', 'type': 'Reconcile'}], 'periods': [{'name': 'CurrentYTDDuration', 'start_date': '2019-07-01', 'end_date': '2019-09-30'}, {'name': 'Prior1YTDDuration', 'start_date': '2018-07-01', 'end_date': '2018-09-30'}], 'values': [{'segment': 'TransportationBusiness', 'period': 'CurrentYTDDuration', 'net_sales': '55726000', 'operating_income': '-1697000', 'revenues_from_external_customers': '19663000', 'transactions_with_other_segments': '36062000'}, {'segment': 'SeedsAndSeedlingsBusiness', 'period': 'CurrentYTDDuration', 'net_sales': '3966000', 'operating_income': '1149000', 'revenues_from_external_customers': '3966000', 'transactions_with_other_segments': None}, {'segment': 'StrawberryAndFruitBusiness', 'period': 'CurrentYTDDuration', 'net_sales': '487560000', 'operating_income': '27297000', 'revenues_from_external_customers': '487560000', 'transactions_with_other_segments': None}, {'segment': 'SeedPotatoBusiness', 'period': 'CurrentYTDDuration', 'net_sales': '9620000', 'operating_income': '-5626000', 'revenues_from_external_customers': '9620000', 'transactions_with_other_segments': None}, {'segment': 'SeedPotatoBusiness', 'period': 'Prior1YTDDuration', 'net_sales': '12979000', 'operating_income': '-5177000', 'revenues_from_external_customers': '12979000', 'transactions_with_other_segments': None}, {'segment': 'Reconcile', 'period': 'Prior1YTDDuration', 'net_sales': '-38150000', 'operating_income': '-43920000', 'revenues_from_external_customers': None, 'transactions_with_other_segments': '-38150000'}, {'segment': 'StrawberryAndFruitBusiness', 'period': 'Prior1YTDDuration', 'net_sales': '529587000', 'operating_income': '14973000', 'revenues_from_external_customers': '529587000', 'transactions_with_other_segments': None}, {'segment': 'SeedsAndSeedlingsBusiness', 'period': 'Prior1YTDDuration', 'net_sales': '1420000', 'operating_income': '-1528000', 'revenues_from_external_customers': '1420000', 'transactions_with_other_segments': None}, {'segment': 'TransportationBusiness', 'period': 'Prior1YTDDuration', 'net_sales': '62228000', 'operating_income': '-1358000', 'revenues_from_external_customers': '24078000', 'transactions_with_other_segments': '38150000'}, {'segment': 'Reconcile', 'period': 'CurrentYTDDuration', 'net_sales': '-36062000', 'operating_income': '-43630000', 'revenues_from_external_customers': None, 'transactions_with_other_segments': '-36062000'}]}",,,2019.0,1.0,2019-11-14 10:52:00+00:00
8,株式会社ホーブ,代表取締役社長　　政場　秀,北海道上川郡東神楽町14号北１番地,2019-12-31T00:00:00.000Z,2020-02-13T09:25:00.000Z,2020-02-13T09:25:00.000Z,2020-02-06T15:00:00.000Z,【E00010】株式会社ホーブ 四半期報告書－第34期第2四半期(令和1年10月1日－令和1年12月31日),【13820】株式会社ホーブ 2020年６月期第２四半期決算短信〔日本基準〕（連結）,Japan GAAP,761787.0,762000.0,213.0,1440644000.0,1338950000.0,379429000.0,813334000.0,,,813334000.0,,96328000.0,59202000.0,32972000.0,4152000.0,,,-80000.0,101694000.0,57880000.0,9418000.0,10376000.0,37400000.0,,,,43813000.0,,,-87000.0,,977748000.0,279228000.0,840234000.0,509293000.0,,509293000.0,,,250000000.0,,,13008000.0,,,,,6589000.0,137513000.0,,,,,16220000.0,,,462896000.0,462860000.0,421250000.0,432250000.0,-390406000.0,-233000.0,36000.0,,1544235000.0,1209050000.0,335185000.0,21.705569424342798,310548000.0,24636000.0,1.5953530388833306,802000.0,,3000.0,17000.0,,76000.0,63000.0,,25362000.0,588000.0,588000.0,,,,,,25950000.0,3012000.0,11.606936416184972,22938000.0,,22938000.0,1.4853956813567883,-39220000.0,25950000.0,4300000.0,,-227002000.0,-42705000.0,253139000.0,-17963000.0,-15146000.0,597000.0,,,,,,,,,,,143496000.0,,,-6504000.0,,,,,,,-24074000.0,3425000000.0,51000000.0,52000000.0,42000000.0,,38.0001233940721,607.6449191178111,55300000.0,28936000.0,6.253672531194912,6.2505263112437355,2.242052859693304,3.112241194566382,2.0093791387740483,3.43635295449278,,-2.539768882326848,20.110151628476235,1.2828736369467608,0.0,0.25572333170969314,391.04761904761904,45.08715328467153,48.305882352941175,54.614285714285714,121.79266756678872,107.01412566975156,83.10227569971227,26.337457414878347,1.4096433436532507,91.90926006191951,13.418982439159926,70.94711634609953,400369000.0,34.38112615497991,55.80511402902557,19.382165198341852,1.0373795665634675,-286.9557174715077,-100201000.0,211.11785269331008,0.603219729701704,159.35441793595592,-3.4614135691584913,462896000.0,32.131185775250515,61570000.0,,,,"{'segments': [{'name': 'Reconcile', 'type': 'Reconcile'}, {'name': 'TransportationBusiness', 'type': 'Segment'}, {'name': 'SeedPotatoBusiness', 'type': 'Segment'}, {'name': 'SeedsAndSeedlingsBusiness', 'type': 'Segment'}, {'name': 'StrawberryAndFruitBusiness', 'type': 'Segment'}], 'periods': [{'name': 'CurrentYTDDuration', 'start_date': '2019-07-01', 'end_date': '2019-12-31'}, {'name': 'Prior1YTDDuration', 'start_date': '2018-07-01', 'end_date': '2018-12-31'}], 'values': [{'segment': 'Reconcile', 'period': 'CurrentYTDDuration', 'net_sales': '-78805000', 'operating_income': '-83969000', 'revenues_from_external_customers': None, 'transactions_with_other_segments': '-78805000'}, {'segment': 'TransportationBusiness', 'period': 'CurrentYTDDuration', 'net_sales': '119434000', 'operating_income': '46000', 'revenues_from_external_customers': '40628000', 'transactions_with_other_segments': '78805000'}, {'segment': 'SeedPotatoBusiness', 'period': 'CurrentYTDDuration', 'net_sales': '92130000', 'operating_income': '-1913000', 'revenues_from_external_customers': '92130000', 'transactions_with_other_segments': None}, {'segment': 'SeedsAndSeedlingsBusiness', 'period': 'CurrentYTDDuration', 'net_sales': '4832000', 'operating_income': '-1857000', 'revenues_from_external_customers': '4832000', 'transactions_with_other_segments': None}, {'segment': 'StrawberryAndFruitBusiness', 'period': 'CurrentYTDDuration', 'net_sales': '1406644000', 'operating_income': '112330000', 'revenues_from_external_customers': '1406644000', 'transactions_with_other_segments': None}, {'segment': 'Reconcile', 'period': 'Prior1YTDDuration', 'net_sales': '-86898000', 'operating_income': '-84608000', 'revenues_from_external_customers': None, 'transactions_with_other_segments': '-86898000'}, {'segment': 'StrawberryAndFruitBusiness', 'period': 'Prior1YTDDuration', 'net_sales': '1648623000', 'operating_income': '116815000', 'revenues_from_external_customers': '1648623000', 'transactions_with_other_segments': None}, {'segment': 'SeedsAndSeedlingsBusiness', 'period': 'Prior1YTDDuration', 'net_sales': '6451000', 'operating_income': '1184000', 'revenues_from_external_customers': '6451000', 'transactions_with_other_segments': None}, {'segment': 'SeedPotatoBusiness', 'period': 'Prior1YTDDuration', 'net_sales': '105672000', 'operating_income': '-7841000', 'revenues_from_external_customers': '105672000', 'transactions_with_other_segments': None}, {'segment': 'TransportationBusiness', 'period': 'Prior1YTDDuration', 'net_sales': '132591000', 'operating_income': '485000', 'revenues_from_external_customers': '45692000', 'transactions_with_other_segments': '86898000'}]}",,,2019.0,2.0,2020-02-13 09:25:00+00:00
9,株式会社ホーブ,代表取締役社長　　政場　秀,北海道上川郡東神楽町14号北１番地,2020-03-31T00:00:00.000Z,2020-05-14T09:06:00.000Z,2020-05-14T09:06:00.000Z,2020-05-08T15:00:00.000Z,四半期報告書－第34期第3四半期(令和2年1月1日－令和2年3月31日),【13820】株式会社ホーブ 2020年６月期　第３四半期決算短信〔日本基準〕（連結）,Japan GAAP,761787.0,762000.0,213.0,798771000.0,698129000.0,329135000.0,301052000.0,,,301052000.0,,59942000.0,59942000.0,,,,,-434000.0,100642000.0,55312000.0,9203000.0,8096000.0,37400000.0,,,,45329000.0,,,-1697000.0,,341107000.0,55976000.0,206747000.0,108514000.0,,108514000.0,,,30000000.0,,,13008000.0,,,,,4056000.0,134359000.0,,,,,12968000.0,,,457664000.0,458037000.0,421250000.0,432250000.0,-395229000.0,-233000.0,-372000.0,,2391947000.0,1910676000.0,481271000.0,20.120470896721375,460222000.0,21048000.0,0.8799526076455707,1662000.0,,6000.0,17000.0,,117000.0,116000.0,,22593000.0,588000.0,588000.0,,,,,,23182000.0,5066000.0,21.853161935984815,18115000.0,,18115000.0,0.7573328338796804,,23182000.0,,,,,,,,,,,,,,,,,,,,,,,,,,,,,0.0,3425000000.0,51000000.0,52000000.0,42000000.0,,38.0001233940721,600.7768575730487,51000000.0,21048000.0,6.325164312683541,6.321945765095644,4.043712152794731,1.7453218955390855,3.6240674736564045,4.964956000311503,,0.0,19.240476482129413,0.0,0.0,0.5511212466742683,181.44827586206895,69.83786861313868,41.27058823529412,43.13095238095238,43.18879139044469,142.30330672748005,131.85205630692795,41.205176452324885,1.2227925696594426,34.019808049535605,8.350226781082595,15.116554484708498,252480000.0,27.253480345909704,58.396008099508244,7.0077656800259405,0.20796037151702784,-57.525152352862584,-273159000.0,74.49426399386762,0.12230806880156621,337.67309803769825,-9.43619593754318,457664000.0,57.29602101228012,17527000.0,,,,"{'segments': [{'name': 'Reconcile', 'type': 'Reconcile'}, {'name': 'SeedsAndSeedlingsBusiness', 'type': 'Segment'}, {'name': 'SeedPotatoBusiness', 'type': 'Segment'}, {'name': 'TransportationBusiness', 'type': 'Segment'}, {'name': 'StrawberryAndFruitBusiness', 'type': 'Segment'}], 'periods': [{'name': 'Prior1YTDDuration', 'start_date': '2018-07-01', 'end_date': '2019-03-31'}, {'name': 'CurrentYTDDuration', 'start_date': '2019-07-01', 'end_date': '2020-03-31'}], 'values': [{'segment': 'Reconcile', 'period': 'Prior1YTDDuration', 'net_sales': '-144022000', 'operating_income': '-122428000', 'revenues_from_external_customers': None, 'transactions_with_other_segments': '-144022000'}, {'segment': 'SeedsAndSeedlingsBusiness', 'period': 'Prior1YTDDuration', 'net_sales': '31778000', 'operating_income': '3431000', 'revenues_from_external_customers': '31778000', 'transactions_with_other_segments': None}, {'segment': 'SeedPotatoBusiness', 'period': 'Prior1YTDDuration', 'net_sales': '145845000', 'operating_income': '-18078000', 'revenues_from_external_customers': '145845000', 'transactions_with_other_segments': None}, {'segment': 'TransportationBusiness', 'period': 'Prior1YTDDuration', 'net_sales': '209827000', 'operating_income': '5215000', 'revenues_from_external_customers': '65804000', 'transactions_with_other_segments': '144022000'}, {'segment': 'Reconcile', 'period': 'CurrentYTDDuration', 'net_sales': '-131811000', 'operating_income': '-123912000', 'revenues_from_external_customers': None, 'transactions_with_other_segments': '-131811000'}, {'segment': 'TransportationBusiness', 'period': 'CurrentYTDDuration', 'net_sales': '199980000', 'operating_income': '7778000', 'revenues_from_external_customers': '68169000', 'transactions_with_other_segments': '131811000'}, {'segment': 'SeedPotatoBusiness', 'period': 'CurrentYTDDuration', 'net_sales': '118577000', 'operating_income': '-3743000', 'revenues_from_external_customers': '118577000', 'transactions_with_other_segments': None}, {'segment': 'SeedsAndSeedlingsBusiness', 'period': 'CurrentYTDDuration', 'net_sales': '36946000', 'operating_income': '3377000', 'revenues_from_external_customers': '36946000', 'transactions_with_other_segments': None}, {'segment': 'StrawberryAndFruitBusiness', 'period': 'CurrentYTDDuration', 'net_sales': '2168254000', 'operating_income': '137548000', 'revenues_from_external_customers': '2168254000', 'transactions_with_other_segments': None}, {'segment': 'StrawberryAndFruitBusiness', 'period': 'Prior1YTDDuration', 'net_sales': '2478906000', 'operating_income': '173539000', 'revenues_from_external_customers': '2478906000', 'transactions_with_other_segments': None}]}",,,2019.0,3.0,2020-05-14 09:06:00+00:00
