,company_name,ceo_name,headquarters_address,end_date,updated_date,edinet_updated_date,tdnet_updated_date,edinet_title,tdnet_title,accounting_standard,num_of_shares,issued_share_num,treasury_stock_num,assets,current_assets,cash_and_deposits,trade_receivables,notes_accounts_receivable,notes_receivable,accounts_receivable,current_securities,inventories,merchandise,work_in_process,raw_materials_and_supplies,prepaid_expenses,current_dta,current_allowance_doubtful_accounts,non_current_assets,tangible_fixed_assets,buildings,machineries,land,construction_in_progress,intangible_assets,good_will,investments_and_other_assets,investment_securities,non_current_dta,non_current_allowance_doubtful_accounts,lease_and_guarantee_deposits,liabilities,debt,current_liabilities,trade_payables,notes_accounts_payable,accounts_payable,notes_payable,short_term_bonds_payable,short_term_loans_payable,commercial_papers_liabilities,current_lease_obligations,current_portion_of_long_term_loans,current_portion_of_bonds,current_portion_of_convertible_bonds,current_portion_of_bonds_with_subscription_rights,advances_received,corporate_tax_payable,non_current_liabilities,bonds_payable,convertible_bonds,convertible_bond_type_bonds_with_subscription_rights,non_current_bonds_with_subscription_right,long_term_loans_payable,non_current_lease_obligations,non_current_dtl,net_assets,shareholders_equity,capital_stock,additional_capital_stock,retained_earnings,treasury_stock,valuation_and_translation_adjustments,non_controlling_interests,net_sales,cost_of_sales,gross_profit,gross_margin,sga,operating_income,operating_margin,non_operating_income,interest_and_dividends_income,interest_income,dividends_income,equity_method_income,non_operating_expenses,interest_expense,equity_method_loss,ordinary_income,extraordinary_income,gain_of_sales_non_current_assets,gain_of_sales_investment_securities,extraordinary_loss,loss_of_sales_non_current_assets,loss_of_valuation_investment_securities,impairment_loss,income_before_income_taxes,income_taxes,real_corporate_tax_rate,net_income,non_controling_interests,profit_loss_attributable_to_owners_of_parent,net_profit_margin,operating_cash_flow,income_before_taxes,depreciation,amortization,decrease_trade_receivables_op_cf,decrease_inventories_op_cf,increase_trade_payables_op_cf,investment_cash_flow,purchase_of_property,sale_of_property,purchase_of_intangible_assets,sale_of_intangible_assets,purchase_of_non_current_assets,sale_of_non_current_assets,purchase_of_securities,sale_of_securities,purchase_of_investment_securities,sale_of_investment_securities,lending,return_of_lending,financial_cash_flow,net_short_term_debt,long_term_debt_issuance,long_term_debt_repayment,bonds_issuance,bonds_repayment,share_repurchase,share_sales,dividend_payment,cash_translation_difference,free_cash_flow,ex_net_sales,ex_operating_income,ex_ordinary_income,ex_net_income,dividend,eps_actual,bps,ebitda_forecast,ebitda_actual,roe,real_roe,total_asset_turnover,financial_leverage,roa,roic,doe,net_sales_operating_cash_flow_ratio,sga_ratio,depreciation_gross_profit_ratio,r_and_d_ratio,interest_op_income_ratio,interest_coverage_ratio,net_sales_progress,operating_income_progress,net_income_progress,net_sales_growth_rate_forecast,operating_income_growth_rate_forecast,net_income_growth_rate_forecast,cash_assets_ratio,cash_monthly_sales_ratio,accounts_receivable_turnover,inventory_turnover,trade_payable_turnover,working_capital,ccc,tangible_fixed_assets_turnover,debt_assets_ratio,debt_monthly_sales_ratio,operating_cash_flow_debt_ratio,net_debt,adjusted_debt_ratio,de_ratio,current_ratio,net_debt_net_income_ratio,equity,equity_ratio,accrual,employee_num,net_sales_per_employee,operating_income_per_employee,segment_member,increase_in_properties,r_and_d_expenses,fiscal_year,fiscal_quarter,to_datetime
0,ベルグアース株式会社,代表取締役社長  山口 一彦,愛媛県宇和島市津島町北灘甲88番地１,2018-04-30T00:00:00.000Z,2018-06-11T16:19:00.000Z,2018-06-11T16:19:00.000Z,2018-06-08T15:00:00.000Z,【E25969】ベルグアース株式会社 四半期報告書－第18期第2四半期(平成29年11月1日－平成30年4月30日),【13830】ベルグアース株式会社 平成30年10月期第２四半期決算短信〔日本基準〕(連結),Japan GAAP,1269700.0,1269900.0,200.0,4377172000.0,2402069000.0,600823000.0,1391017000.0,1391017000.0,,,,336926000.0,26709000.0,177258000.0,132959000.0,,,-1714000.0,1975103000.0,1824619000.0,1075064000.0,,490683000.0,,36902000.0,,,,,,,3115543000.0,1696268000.0,2131066000.0,830341000.0,830341000.0,,,,670000000.0,,,230608000.0,,,,,6147000.0,984476000.0,,,,,795660000.0,,,1261629000.0,1054941000.0,331494000.0,245674000.0,478066000.0,-293000.0,206000.0,205926000.0,2008263000.0,1569191000.0,439072000.0,21.86327189217747,550468000.0,-111396000.0,,20725000.0,,3000.0,615000.0,,5494000.0,2057000.0,3230000.0,-96166000.0,400000.0,400000.0,,681000.0,,,,-96447000.0,-22452000.0,23.27910665961616,-73995000.0,-6379000.0,-67616000.0,,-121027000.0,-96447000.0,91212000.0,,-396336000.0,-142029000.0,303232000.0,-91899000.0,-86857000.0,,-1880000.0,,,,,,-200000.0,,,,394072000.0,,315000000.0,-127686000.0,,,-89000.0,,-12352000.0,17000.0,-32290000.0,4798000000.0,44000000.0,55000000.0,36000000.0,,23.00700952981019,831.0222887296212,135212000.0,,2.768518948508694,2.767750383251756,1.0734117827675038,4.148392312365362,0.6673715357769812,,1.203337159017352,-6.026451714740549,27.41015494484537,20.773813861963415,0.0,-1.8465654062982513,-54.15459406903257,41.85625260525219,-253.1727272727273,-187.82222222222222,138.91293122464538,-139.49872526841182,-153.2418362517747,13.72628263179971,1.5345032933859004,108.06009162908737,34.68683884007888,85.48436288475787,897602000.0,57.26256758440837,2.575062519901415,38.75260099443202,4.332272287287794,1074.743711588418,1095445000.0,246.8887141994513,1.607609920494641,112.7167811789968,37.49982883746406,1055149000.0,24.105723969722916,53692000.0,,,,"{'segments': [{'name': 'VegetableSeedlingProductionAndSales', 'type': 'Segment'}, {'name': 'AgricultureAndHorticulturalSeedMaterialSales', 'type': 'Segment'}, {'name': 'Overseas', 'type': 'Segment'}, {'name': 'Total', 'type': 'Total'}, {'name': 'NotInclude', 'type': 'NotInclude'}, {'name': 'Reconcile', 'type': 'Reconcile'}], 'periods': [{'name': 'CurrentYTDDuration', 'start_date': '2017-11-01', 'end_date': '2018-04-30'}, {'name': 'Prior1YTDDuration', 'start_date': '2016-11-01', 'end_date': '2017-04-30'}], 'values': [{'segment': 'VegetableSeedlingProductionAndSales', 'period': 'CurrentYTDDuration', 'net_sales': '1950242000', 'operating_income': '85309000', 'revenues_from_external_customers': '1950166000', 'transactions_with_other_segments': '76000'}, {'segment': 'VegetableSeedlingProductionAndSales', 'period': 'Prior1YTDDuration', 'net_sales': '1819082000', 'operating_income': '46272000', 'revenues_from_external_customers': '1819082000', 'transactions_with_other_segments': None}, {'segment': 'AgricultureAndHorticulturalSeedMaterialSales', 'period': 'CurrentYTDDuration', 'net_sales': '42419000', 'operating_income': '2405000', 'revenues_from_external_customers': '42346000', 'transactions_with_other_segments': '72000'}, {'segment': 'AgricultureAndHorticulturalSeedMaterialSales', 'period': 'Prior1YTDDuration', 'net_sales': '141363000', 'operating_income': '-6571000', 'revenues_from_external_customers': '141363000', 'transactions_with_other_segments': None}, {'segment': 'Overseas', 'period': 'CurrentYTDDuration', 'net_sales': '16065000', 'operating_income': '-25276000', 'revenues_from_external_customers': '14067000', 'transactions_with_other_segments': '1998000'}, {'segment': 'Overseas', 'period': 'Prior1YTDDuration', 'net_sales': '16238000', 'operating_income': '-31459000', 'revenues_from_external_customers': '14249000', 'transactions_with_other_segments': '1988000'}, {'segment': 'Total', 'period': 'Prior1YTDDuration', 'net_sales': '1976683000', 'operating_income': '8242000', 'revenues_from_external_customers': '1974695000', 'transactions_with_other_segments': '1988000'}, {'segment': 'Total', 'period': 'CurrentYTDDuration', 'net_sales': '2008727000', 'operating_income': '62438000', 'revenues_from_external_customers': '2006580000', 'transactions_with_other_segments': '2146000'}, {'segment': 'NotInclude', 'period': 'CurrentYTDDuration', 'net_sales': '6969000', 'operating_income': '-11061000', 'revenues_from_external_customers': '1683000', 'transactions_with_other_segments': '5285000'}, {'segment': 'Reconcile', 'period': 'Prior1YTDDuration', 'net_sales': '-1988000', 'operating_income': '-169369000', 'revenues_from_external_customers': None, 'transactions_with_other_segments': '-1988000'}, {'segment': 'Reconcile', 'period': 'CurrentYTDDuration', 'net_sales': '-7432000', 'operating_income': '-162774000', 'revenues_from_external_customers': None, 'transactions_with_other_segments': '-7432000'}]}",,,2017.0,2.0,2018-06-11 16:19:00+00:00
1,ベルグアース株式会社,代表取締役社長  山口 一彦,愛媛県宇和島市津島町北灘甲88番地１,2018-07-31T00:00:00.000Z,2018-09-14T09:05:00.000Z,2018-09-14T09:05:00.000Z,2018-09-10T15:30:00.000Z,【E25969】ベルグアース株式会社 四半期報告書－第18期第3四半期(平成30年5月1日－平成30年7月31日),【13830】ベルグアース株式会社 平成30年10月期第３四半期決算短信〔日本基準〕(連結),Japan GAAP,1269700.0,1269900.0,200.0,3830361000.0,1811787000.0,474529000.0,723690000.0,723690000.0,,,,501573000.0,25068000.0,315276000.0,161229000.0,,,-1687000.0,2018573000.0,1860654000.0,1079958000.0,,530343000.0,,39448000.0,,118471000.0,,,,,2586215000.0,1485921000.0,1656674000.0,593253000.0,593253000.0,,,,520000000.0,,,224459000.0,,,,,9761000.0,929541000.0,,,,,741462000.0,,,1244145000.0,1041752000.0,331494000.0,245674000.0,464876000.0,-293000.0,-354000.0,202193000.0,3064915000.0,2331107000.0,733807000.0,23.942164790866958,861420000.0,-127613000.0,,24729000.0,,5000.0,726000.0,,8395000.0,3270000.0,4528000.0,-111278000.0,400000.0,400000.0,,681000.0,,,,-111560000.0,-20642000.0,18.503047687343134,-90918000.0,-10112000.0,-80805000.0,,,-111560000.0,,,,,,,,,,,,,,,,,,,,,,,,,,,,,0.0,4798000000.0,44000000.0,55000000.0,36000000.0,,23.00700952981019,820.1921713790659,44000000.0,,2.8050754850691093,2.80428649186755,1.2266488719992712,3.678095214317677,0.7626435210675966,,1.2192264628893086,0.0,28.1058365403282,0.0,0.0,-2.562434861652026,-39.02538226299694,63.87901208837015,-290.0295454545454,-224.45833333333334,56.54594009948073,-134.47924584485907,-144.5516985335066,12.388623422178744,1.2119481333223228,56.21930408546713,51.63739758147155,61.0759371565071,632010000.0,46.780764510431574,2.5251916799146965,38.79323645995769,3.795045576170138,941.4693024139897,1011392000.0,207.82192443496584,1.426852173712644,109.36291630097412,34.62248391072162,1041398000.0,27.1879856755016,-80524000.0,,,,"{'segments': [{'name': 'VegetableSeedlingProductionAndSales', 'type': 'Segment'}, {'name': 'AgricultureAndHorticulturalSeedMaterialSales', 'type': 'Segment'}, {'name': 'Overseas', 'type': 'Segment'}, {'name': 'Total', 'type': 'Total'}, {'name': 'NotInclude', 'type': 'NotInclude'}, {'name': 'Reconcile', 'type': 'Reconcile'}], 'periods': [{'name': 'CurrentYTDDuration', 'start_date': '2017-11-01', 'end_date': '2018-07-31'}, {'name': 'Prior1YTDDuration', 'start_date': '2016-11-01', 'end_date': '2017-07-31'}], 'values': [{'segment': 'VegetableSeedlingProductionAndSales', 'period': 'CurrentYTDDuration', 'net_sales': '2984999000', 'operating_income': '192351000', 'revenues_from_external_customers': '2984923000', 'transactions_with_other_segments': '76000'}, {'segment': 'VegetableSeedlingProductionAndSales', 'period': 'Prior1YTDDuration', 'net_sales': '2804913000', 'operating_income': '152003000', 'revenues_from_external_customers': '2804913000', 'transactions_with_other_segments': None}, {'segment': 'AgricultureAndHorticulturalSeedMaterialSales', 'period': 'CurrentYTDDuration', 'net_sales': '60301000', 'operating_income': '3155000', 'revenues_from_external_customers': '60216000', 'transactions_with_other_segments': '85000'}, {'segment': 'AgricultureAndHorticulturalSeedMaterialSales', 'period': 'Prior1YTDDuration', 'net_sales': '199168000', 'operating_income': '-8886000', 'revenues_from_external_customers': '199168000', 'transactions_with_other_segments': None}, {'segment': 'Overseas', 'period': 'Prior1YTDDuration', 'net_sales': '19174000', 'operating_income': '-47282000', 'revenues_from_external_customers': '16187000', 'transactions_with_other_segments': '2987000'}, {'segment': 'Overseas', 'period': 'CurrentYTDDuration', 'net_sales': '20464000', 'operating_income': '-37310000', 'revenues_from_external_customers': '17467000', 'transactions_with_other_segments': '2997000'}, {'segment': 'Total', 'period': 'Prior1YTDDuration', 'net_sales': '3023256000', 'operating_income': '95833000', 'revenues_from_external_customers': '3020268000', 'transactions_with_other_segments': '2987000'}, {'segment': 'Total', 'period': 'CurrentYTDDuration', 'net_sales': '3065766000', 'operating_income': '158197000', 'revenues_from_external_customers': '3062607000', 'transactions_with_other_segments': '3158000'}, {'segment': 'NotInclude', 'period': 'Prior1YTDDuration', 'net_sales': '319000', 'operating_income': '-4179000', 'revenues_from_external_customers': '319000', 'transactions_with_other_segments': None}, {'segment': 'NotInclude', 'period': 'CurrentYTDDuration', 'net_sales': '9080000', 'operating_income': '-21798000', 'revenues_from_external_customers': '2307000', 'transactions_with_other_segments': '6772000'}, {'segment': 'Reconcile', 'period': 'Prior1YTDDuration', 'net_sales': '-2987000', 'operating_income': '-262240000', 'revenues_from_external_customers': None, 'transactions_with_other_segments': '-2987000'}, {'segment': 'Reconcile', 'period': 'CurrentYTDDuration', 'net_sales': '-9931000', 'operating_income': '-264011000', 'revenues_from_external_customers': None, 'transactions_with_other_segments': '-9931000'}]}",,,2017.0,3.0,2018-09-14 09:05:00+00:00
2,ベルグアース株式会社,代表取締役社長  山口 一彦,愛媛県宇和島市津島町北灘甲88番地１,2018-10-31T00:00:00.000Z,2019-01-31T12:58:00.000Z,2019-01-31T12:58:00.000Z,2018-12-14T15:00:00.000Z,【E25969】ベルグアース株式会社 有価証券報告書－第18期(平成29年11月1日－平成30年10月31日),【13830】ベルグアース株式会社 平成30年10月期決算短信〔日本基準〕(連結),Japan GAAP,1269707.0,1269900.0,193.0,3711252000.0,1748031000.0,508068000.0,1035137000.0,1035137000.0,,,,166699000.0,5845000.0,57306000.0,103548000.0,,30954000.0,-1782000.0,1963220000.0,1780519000.0,2210723000.0,572047000.0,505709000.0,,38905000.0,,143794000.0,25465000.0,11021000.0,,,2371015000.0,1411537000.0,1518436000.0,520894000.0,520894000.0,,,,500000000.0,,1605000.0,217050000.0,,,,1810000.0,29689000.0,852578000.0,,,,,689783000.0,3099000.0,56406000.0,1340236000.0,1151770000.0,331494000.0,245674000.0,574894000.0,-293000.0,-997000.0,188910000.0,4698508000.0,3545379000.0,1153128000.0,24.54242921369933,1139487000.0,13641000.0,0.2903262056806118,29974000.0,,25000.0,726000.0,,14338000.0,4591000.0,9137000.0,29277000.0,3359000.0,400000.0,,681000.0,,,,31955000.0,14705000.0,46.017837584102644,17249000.0,-11962000.0,29212000.0,0.6217292808695867,157830000.0,31955000.0,187081000.0,,-40456000.0,6942000.0,-6211000.0,-185307000.0,-189032000.0,,-5057000.0,,,,,,-850000.0,,,,151656000.0,,315000000.0,-247121000.0,,,-88000.0,,-12352000.0,201000.0,351919000.0,5228000000.0,118000000.0,110000000.0,65000000.0,10.0,23.00688269025846,906.3287829396861,305081000.0,200722000.0,2.538469827211646,2.537823667646918,1.2660169667810217,3.225010688476953,0.78711981832546,,1.1033523582429883,3.3591514582927173,24.252103008018715,16.223784350046135,1.5825236436758223,33.65589033062093,2.9712480940971466,89.87199693955624,11.560169491525423,44.941538461538464,11.269364657887149,765.0392199985339,122.51129672737231,13.689935364130488,1.2976068147590682,80.41382604860948,17.161814011985744,53.6265121443998,680942000.0,43.94912791619542,2.6388418208398785,38.033984218802715,3.6050686728638115,894.3401127795729,903469000.0,176.8715932292401,1.226600056310025,115.12049240139194,30.928009037381898,1150772000.0,31.007649170684175,-131296000.0,254.0,18498062.992125984,53704.72440944882,"{'segments': [{'name': 'VegetableSeedlingProductionAndSales', 'type': 'Segment'}, {'name': 'AgricultureAndHorticulturalSeedMaterialSales', 'type': 'Segment'}, {'name': 'Overseas', 'type': 'Segment'}, {'name': 'Total', 'type': 'Total'}, {'name': 'NotInclude', 'type': 'NotInclude'}, {'name': 'Reconcile', 'type': 'Reconcile'}], 'periods': [{'name': 'CurrentYearDuration', 'start_date': '2017-11-01', 'end_date': '2018-10-31'}, {'name': 'Prior1YearDuration', 'start_date': '2016-11-01', 'end_date': '2017-10-31'}, {'name': 'CurrentYearInstant', 'instant': '2018-10-31'}, {'name': 'Prior1YearInstant', 'instant': '2017-10-31'}], 'values': [{'segment': 'VegetableSeedlingProductionAndSales', 'period': 'CurrentYearDuration', 'net_sales': '4601876000', 'operating_income': '427258000', 'revenues_from_external_customers': '4601799000', 'transactions_with_other_segments': '76000'}, {'segment': 'VegetableSeedlingProductionAndSales', 'period': 'Prior1YearDuration', 'net_sales': '4345745000', 'operating_income': '364175000', 'revenues_from_external_customers': '4345685000', 'transactions_with_other_segments': '59000'}, {'segment': 'AgricultureAndHorticulturalSeedMaterialSales', 'period': 'Prior1YearDuration', 'net_sales': '258268000', 'operating_income': '-12244000', 'revenues_from_external_customers': '258139000', 'transactions_with_other_segments': '129000'}, {'segment': 'AgricultureAndHorticulturalSeedMaterialSales', 'period': 'CurrentYearDuration', 'net_sales': '75067000', 'operating_income': '3150000', 'revenues_from_external_customers': '74981000', 'transactions_with_other_segments': '85000'}, {'segment': 'Overseas', 'period': 'CurrentYearDuration', 'net_sales': '24424000', 'operating_income': '-47850000', 'revenues_from_external_customers': '18450000', 'transactions_with_other_segments': '5973000'}, {'segment': 'Overseas', 'period': 'Prior1YearDuration', 'net_sales': '22715000', 'operating_income': '-55241000', 'revenues_from_external_customers': '18729000', 'transactions_with_other_segments': '3986000'}, {'segment': 'Total', 'period': 'CurrentYearDuration', 'net_sales': '4701367000', 'operating_income': '382559000', 'revenues_from_external_customers': '4695232000', 'transactions_with_other_segments': '6135000'}, {'segment': 'Total', 'period': 'Prior1YearDuration', 'net_sales': '4626729000', 'operating_income': '296689000', 'revenues_from_external_customers': '4622554000', 'transactions_with_other_segments': '4175000'}, {'segment': 'NotInclude', 'period': 'Prior1YearDuration', 'net_sales': '1302000', 'operating_income': '-12095000', 'revenues_from_external_customers': '612000', 'transactions_with_other_segments': '690000'}, {'segment': 'NotInclude', 'period': 'CurrentYearDuration', 'net_sales': '10048000', 'operating_income': '-22952000', 'revenues_from_external_customers': '3276000', 'transactions_with_other_segments': '6772000'}, {'segment': 'Reconcile', 'period': 'Prior1YearDuration', 'net_sales': '-4865000', 'operating_income': '-343769000', 'revenues_from_external_customers': None, 'transactions_with_other_segments': '-4865000'}, {'segment': 'Reconcile', 'period': 'CurrentYearDuration', 'net_sales': '-12907000', 'operating_income': '-345965000', 'revenues_from_external_customers': None, 'transactions_with_other_segments': '-12907000'}]}",145756000.0,74355000.0,2017.0,4.0,2019-01-31 12:58:00+00:00
3,ベルグアース株式会社,代表取締役社長  山口 一彦,愛媛県宇和島市津島町北灘甲88番地１,2019-01-31T00:00:00.000Z,2019-03-14T14:21:00.000Z,2019-03-14T14:21:00.000Z,2019-03-08T15:30:00.000Z,【E25969】ベルグアース株式会社 四半期報告書－第19期第1四半期(平成30年11月1日－平成31年1月31日),【13830】ベルグアース株式会社 2019年10月期第１四半期決算短信〔日本基準〕(連結),Japan GAAP,1269700.0,1269900.0,200.0,3259517000.0,1228138000.0,436971000.0,404504000.0,404504000.0,,,,329828000.0,5857000.0,172822000.0,151149000.0,,,-1652000.0,2031378000.0,1774245000.0,1033748000.0,,507529000.0,,39330000.0,,217802000.0,,,,,2108333000.0,1351466000.0,1311182000.0,342399000.0,342399000.0,,,,500000000.0,,,213362000.0,,,,,3297000.0,797151000.0,,,,,638104000.0,,,1151184000.0,972161000.0,331494000.0,245674000.0,395285000.0,-293000.0,-1176000.0,179646000.0,464542000.0,466735000.0,-2192000.0,,242377000.0,-244570000.0,,5512000.0,,0.0,70000.0,,8214000.0,1137000.0,6472000.0,-247271000.0,,,,286000.0,,,,-247558000.0,-71382000.0,28.83445495601031,-176176000.0,-9264000.0,-166912000.0,,,-247558000.0,,,,,,,,,,,,,,,,,,,,,,,,,,,,,0.0,5228000000.0,118000000.0,110000000.0,65000000.0,,-2.9668425612349374,764.7349767661652,118000000.0,,,,1.4988598003937392,3.3569214322790075,,2.462356563112231,1.3076425564169956,0.0,52.175476060291636,0.0,0.0,-0.4648975753363045,-215.10114335971855,8.885654169854629,-207.26271186440678,-256.7876923076923,1025.4095431629432,-148.2479453735127,-138.9426763803681,13.406004631974614,1.0732962185084653,30.220484493176727,33.541864774600654,34.82027286027411,391933000.0,28.942076407503272,2.753598854724122,41.46215528251578,3.3194956810469383,525.6965703416432,914495000.0,183.09814264635767,1.391851976963575,93.66647803279788,-242.76479957525882,970984000.0,29.78919882915168,-166626000.0,,,,"{'segments': [{'name': 'VegetableSeedlingProductionAndSales', 'type': 'Segment'}, {'name': 'AgricultureAndHorticulturalSeedMaterialSales', 'type': 'Segment'}, {'name': 'Overseas', 'type': 'Segment'}, {'name': 'Total', 'type': 'Total'}, {'name': 'NotInclude', 'type': 'NotInclude'}, {'name': 'Reconcile', 'type': 'Reconcile'}], 'periods': [{'name': 'Prior1YTDDuration', 'start_date': '2017-11-01', 'end_date': '2018-01-31'}, {'name': 'CurrentYTDDuration', 'start_date': '2018-11-01', 'end_date': '2019-01-31'}], 'values': [{'segment': 'VegetableSeedlingProductionAndSales', 'period': 'Prior1YTDDuration', 'net_sales': '441392000', 'operating_income': '-148590000', 'revenues_from_external_customers': '441392000', 'transactions_with_other_segments': None}, {'segment': 'VegetableSeedlingProductionAndSales', 'period': 'CurrentYTDDuration', 'net_sales': '438335000', 'operating_income': '-133933000', 'revenues_from_external_customers': '438335000', 'transactions_with_other_segments': None}, {'segment': 'AgricultureAndHorticulturalSeedMaterialSales', 'period': 'Prior1YTDDuration', 'net_sales': '18609000', 'operating_income': '1029000', 'revenues_from_external_customers': '18536000', 'transactions_with_other_segments': '72000'}, {'segment': 'AgricultureAndHorticulturalSeedMaterialSales', 'period': 'CurrentYTDDuration', 'net_sales': '23621000', 'operating_income': '-319000', 'revenues_from_external_customers': '23621000', 'transactions_with_other_segments': None}, {'segment': 'Overseas', 'period': 'CurrentYTDDuration', 'net_sales': '5860000', 'operating_income': '-11656000', 'revenues_from_external_customers': '2064000', 'transactions_with_other_segments': '3795000'}, {'segment': 'Overseas', 'period': 'Prior1YTDDuration', 'net_sales': '3880000', 'operating_income': '-13869000', 'revenues_from_external_customers': '2881000', 'transactions_with_other_segments': '999000'}, {'segment': 'Total', 'period': 'CurrentYTDDuration', 'net_sales': '467817000', 'operating_income': '-145909000', 'revenues_from_external_customers': '464021000', 'transactions_with_other_segments': '3795000'}, {'segment': 'Total', 'period': 'Prior1YTDDuration', 'net_sales': '463882000', 'operating_income': '-161429000', 'revenues_from_external_customers': '462811000', 'transactions_with_other_segments': '1071000'}, {'segment': 'NotInclude', 'period': 'Prior1YTDDuration', 'net_sales': '3957000', 'operating_income': '-5329000', 'revenues_from_external_customers': '468000', 'transactions_with_other_segments': '3488000'}, {'segment': 'NotInclude', 'period': 'CurrentYTDDuration', 'net_sales': '521000', 'operating_income': '-941000', 'revenues_from_external_customers': '521000', 'transactions_with_other_segments': None}, {'segment': 'Reconcile', 'period': 'Prior1YTDDuration', 'net_sales': '-4560000', 'operating_income': '-87484000', 'revenues_from_external_customers': None, 'transactions_with_other_segments': '-4560000'}, {'segment': 'Reconcile', 'period': 'CurrentYTDDuration', 'net_sales': '-3795000', 'operating_income': '-97718000', 'revenues_from_external_customers': None, 'transactions_with_other_segments': '-3795000'}]}",,,2018.0,1.0,2019-03-14 14:21:00+00:00
4,ベルグアース株式会社,代表取締役社長  山口 一彦,愛媛県宇和島市津島町北灘甲88番地１,2019-04-30T00:00:00.000Z,2019-06-14T16:26:00.000Z,2019-06-14T16:26:00.000Z,2019-06-07T15:30:00.000Z,【E25969】ベルグアース株式会社 四半期報告書－第19期第2四半期(平成31年2月1日－平成31年4月30日),【13830】ベルグアース株式会社 2019年10月期第２四半期決算短信〔日本基準〕(連結),Japan GAAP,1269700.0,1269900.0,200.0,4307793000.0,2352744000.0,518797000.0,1463401000.0,1463401000.0,,,,313121000.0,15940000.0,157747000.0,139434000.0,,,-1680000.0,1955049000.0,1744511000.0,1006517000.0,,507529000.0,,40494000.0,,,,,,,3030141000.0,1690659000.0,2070217000.0,774909000.0,774909000.0,,,,600000000.0,,,269231000.0,,,,,9066000.0,959923000.0,,,,,821428000.0,,,1277652000.0,1087825000.0,331494000.0,245674000.0,510949000.0,-293000.0,-1291000.0,190564000.0,2120529000.0,1601055000.0,519474000.0,24.49737777696037,578850000.0,-59376000.0,,10712000.0,,15000.0,643000.0,,13375000.0,1979000.0,10652000.0,-62039000.0,,,,286000.0,,,,-62326000.0,-12733000.0,20.42967621859256,-49593000.0,1654000.0,-51247000.0,,-169002000.0,-62326000.0,85508000.0,,-428263000.0,-146423000.0,254014000.0,-91218000.0,-46926000.0,,-2424000.0,,,,,,-550000.0,,,,270876000.0,,300000000.0,-116173000.0,,,,,-12147000.0,73000.0,-119652000.0,5228000000.0,118000000.0,110000000.0,65000000.0,,-2.9668425612349374,855.7407261557848,203508000.0,,,,1.1341211149189387,3.9647107223519926,,2.059165495520117,1.168578249737238,-7.969803761231279,27.297433800716707,16.46049657923207,0.0,-3.3329964969011048,-30.003031834259726,40.56099846977812,-50.31864406779661,-78.84153846153846,146.54225431484315,-298.7334950148208,-226.83669287958315,12.043220275440348,1.2742787468128007,109.33065489537636,31.842846089742928,78.80438559073522,1001613000.0,62.36911539438407,2.800532068872022,39.24652368393746,4.152627775040686,657.6366981612799,1171862000.0,237.11043902515365,1.5560111326474828,113.64721669274284,-311.0862755508362,1086534000.0,25.222521137854116,118041000.0,,,,"{'segments': [{'name': 'VegetableSeedlingProductionAndSales', 'type': 'Segment'}, {'name': 'AgricultureAndHorticulturalSeedMaterialSales', 'type': 'Segment'}, {'name': 'Overseas', 'type': 'Segment'}, {'name': 'Total', 'type': 'Total'}, {'name': 'NotInclude', 'type': 'NotInclude'}, {'name': 'Reconcile', 'type': 'Reconcile'}], 'periods': [{'name': 'Prior1YTDDuration', 'start_date': '2017-11-01', 'end_date': '2018-04-30'}, {'name': 'CurrentYTDDuration', 'start_date': '2018-11-01', 'end_date': '2019-04-30'}], 'values': [{'segment': 'VegetableSeedlingProductionAndSales', 'period': 'Prior1YTDDuration', 'net_sales': '1950242000', 'operating_income': '85309000', 'revenues_from_external_customers': '1950166000', 'transactions_with_other_segments': '76000'}, {'segment': 'VegetableSeedlingProductionAndSales', 'period': 'CurrentYTDDuration', 'net_sales': '2064205000', 'operating_income': '145875000', 'revenues_from_external_customers': '2064205000', 'transactions_with_other_segments': None}, {'segment': 'AgricultureAndHorticulturalSeedMaterialSales', 'period': 'CurrentYTDDuration', 'net_sales': '41828000', 'operating_income': '-373000', 'revenues_from_external_customers': '41828000', 'transactions_with_other_segments': None}, {'segment': 'AgricultureAndHorticulturalSeedMaterialSales', 'period': 'Prior1YTDDuration', 'net_sales': '42419000', 'operating_income': '2405000', 'revenues_from_external_customers': '42346000', 'transactions_with_other_segments': '72000'}, {'segment': 'Overseas', 'period': 'CurrentYTDDuration', 'net_sales': '19165000', 'operating_income': '-21410000', 'revenues_from_external_customers': '13372000', 'transactions_with_other_segments': '5793000'}, {'segment': 'Overseas', 'period': 'Prior1YTDDuration', 'net_sales': '16065000', 'operating_income': '-25276000', 'revenues_from_external_customers': '14067000', 'transactions_with_other_segments': '1998000'}, {'segment': 'Total', 'period': 'Prior1YTDDuration', 'net_sales': '2008727000', 'operating_income': '62438000', 'revenues_from_external_customers': '2006580000', 'transactions_with_other_segments': '2146000'}, {'segment': 'Total', 'period': 'CurrentYTDDuration', 'net_sales': '2125199000', 'operating_income': '124090000', 'revenues_from_external_customers': '2119405000', 'transactions_with_other_segments': '5793000'}, {'segment': 'NotInclude', 'period': 'Prior1YTDDuration', 'net_sales': '6969000', 'operating_income': '-11061000', 'revenues_from_external_customers': '1683000', 'transactions_with_other_segments': '5285000'}, {'segment': 'NotInclude', 'period': 'CurrentYTDDuration', 'net_sales': '1124000', 'operating_income': '-1893000', 'revenues_from_external_customers': '1124000', 'transactions_with_other_segments': None}, {'segment': 'Reconcile', 'period': 'Prior1YTDDuration', 'net_sales': '-7432000', 'operating_income': '-162774000', 'revenues_from_external_customers': None, 'transactions_with_other_segments': '-7432000'}, {'segment': 'Reconcile', 'period': 'CurrentYTDDuration', 'net_sales': '-5793000', 'operating_income': '-181573000', 'revenues_from_external_customers': None, 'transactions_with_other_segments': '-5793000'}]}",,,2018.0,2.0,2019-06-14 16:26:00+00:00
5,ベルグアース株式会社,代表取締役社長  山口 一彦,愛媛県宇和島市津島町北灘甲88番地１,2019-07-31T00:00:00.000Z,2019-09-13T11:13:00.000Z,2019-09-13T11:13:00.000Z,2019-09-09T16:00:00.000Z,【E25969】ベルグアース株式会社 四半期報告書－第19期第3四半期(令和1年5月1日－令和1年7月31日),【13830】ベルグアース株式会社 2019年10月期第３四半期決算短信〔日本基準〕(連結),Japan GAAP,1269700.0,1269900.0,200.0,3829465000.0,1874204000.0,519286000.0,771061000.0,771061000.0,,,,492275000.0,8141000.0,304885000.0,179249000.0,,,-320000.0,1955260000.0,1752111000.0,1011205000.0,,507529000.0,,40071000.0,,163078000.0,,,,,2553782000.0,1521462000.0,1658769000.0,588676000.0,588676000.0,,,,500000000.0,,,266712000.0,,,,,13326000.0,895012000.0,,,,,754750000.0,,,1275682000.0,1079665000.0,331494000.0,245674000.0,502789000.0,-293000.0,-1220000.0,196683000.0,3231609000.0,2378567000.0,853042000.0,26.396819664755235,902743000.0,-49700000.0,,15295000.0,,16000.0,715000.0,,24211000.0,3489000.0,19361000.0,-58616000.0,,,,286000.0,,,,-58903000.0,-7268000.0,12.338930105427567,-51634000.0,7773000.0,-59408000.0,,,-58903000.0,,,,,,,,,,,,,,,,,,,,,,,,,,,,,0.0,5228000000.0,118000000.0,110000000.0,65000000.0,,-2.9668425612349374,849.3699299047018,118000000.0,,,,1.2757810816915678,3.550913583910167,,2.199578677237301,1.1773433044800616,0.0,27.934784189547685,0.0,0.0,-7.020120724346077,-14.244769274863858,61.81348508033665,-42.11864406779661,-91.39692307692307,61.77699715528704,-337.4245472837022,-209.41287368704548,13.560275390948867,1.2754798376194003,57.60594949319003,50.06191554966993,59.86541709027982,674660000.0,47.80244795258015,2.7883844117182073,39.730406205566574,3.737042987301965,591.8220327445435,1002176000.0,200.14357648073042,1.4107923908961515,112.98764324628685,-266.0408813379347,1078445000.0,28.161766721983355,-59122000.0,,,,"{'segments': [{'name': 'VegetableSeedlingProductionAndSales', 'type': 'Segment'}, {'name': 'AgricultureAndHorticulturalSeedMaterialSales', 'type': 'Segment'}, {'name': 'Overseas', 'type': 'Segment'}, {'name': 'Total', 'type': 'Total'}, {'name': 'NotInclude', 'type': 'NotInclude'}, {'name': 'Reconcile', 'type': 'Reconcile'}], 'periods': [{'name': 'Prior1YTDDuration', 'start_date': '2017-11-01', 'end_date': '2018-07-31'}, {'name': 'CurrentYTDDuration', 'start_date': '2018-11-01', 'end_date': '2019-07-31'}], 'values': [{'segment': 'VegetableSeedlingProductionAndSales', 'period': 'Prior1YTDDuration', 'net_sales': '2984999000', 'operating_income': '192351000', 'revenues_from_external_customers': '2984923000', 'transactions_with_other_segments': '76000'}, {'segment': 'VegetableSeedlingProductionAndSales', 'period': 'CurrentYTDDuration', 'net_sales': '3154550000', 'operating_income': '266878000', 'revenues_from_external_customers': '3154550000', 'transactions_with_other_segments': None}, {'segment': 'AgricultureAndHorticulturalSeedMaterialSales', 'period': 'CurrentYTDDuration', 'net_sales': '60292000', 'operating_income': '-1787000', 'revenues_from_external_customers': '60292000', 'transactions_with_other_segments': None}, {'segment': 'AgricultureAndHorticulturalSeedMaterialSales', 'period': 'Prior1YTDDuration', 'net_sales': '60301000', 'operating_income': '3155000', 'revenues_from_external_customers': '60216000', 'transactions_with_other_segments': '85000'}, {'segment': 'Overseas', 'period': 'CurrentYTDDuration', 'net_sales': '22443000', 'operating_income': '-32343000', 'revenues_from_external_customers': '14983000', 'transactions_with_other_segments': '7460000'}, {'segment': 'Overseas', 'period': 'Prior1YTDDuration', 'net_sales': '20464000', 'operating_income': '-37310000', 'revenues_from_external_customers': '17467000', 'transactions_with_other_segments': '2997000'}, {'segment': 'Total', 'period': 'CurrentYTDDuration', 'net_sales': '3237285000', 'operating_income': '232747000', 'revenues_from_external_customers': '3229825000', 'transactions_with_other_segments': '7460000'}, {'segment': 'Total', 'period': 'Prior1YTDDuration', 'net_sales': '3065766000', 'operating_income': '158197000', 'revenues_from_external_customers': '3062607000', 'transactions_with_other_segments': '3158000'}, {'segment': 'NotInclude', 'period': 'CurrentYTDDuration', 'net_sales': '1784000', 'operating_income': '-3139000', 'revenues_from_external_customers': '1784000', 'transactions_with_other_segments': None}, {'segment': 'NotInclude', 'period': 'Prior1YTDDuration', 'net_sales': '9080000', 'operating_income': '-21798000', 'revenues_from_external_customers': '2307000', 'transactions_with_other_segments': '6772000'}, {'segment': 'Reconcile', 'period': 'Prior1YTDDuration', 'net_sales': '-9931000', 'operating_income': '-264011000', 'revenues_from_external_customers': None, 'transactions_with_other_segments': '-9931000'}, {'segment': 'Reconcile', 'period': 'CurrentYTDDuration', 'net_sales': '-7460000', 'operating_income': '-279309000', 'revenues_from_external_customers': None, 'transactions_with_other_segments': '-7460000'}]}",,,2018.0,3.0,2019-09-13 11:13:00+00:00
6,ベルグアース株式会社,代表取締役社長  山口 一彦,愛媛県宇和島市津島町北灘甲88番地１,2019-10-31T00:00:00.000Z,2020-01-31T14:44:00.000Z,2020-01-31T14:44:00.000Z,2019-12-13T15:00:00.000Z,【E25969】ベルグアース株式会社 有価証券報告書－第19期(平成30年11月1日－令和1年10月31日),【13830】ベルグアース株式会社 2019年10月期決算短信〔日本基準〕(連結),Japan GAAP,1269653.0,1269900.0,247.0,3715788000.0,1781975000.0,489299000.0,855512000.0,855512000.0,,,,207116000.0,10473000.0,70045000.0,126598000.0,,,-2086000.0,1933813000.0,1741338000.0,2299038000.0,581678000.0,512894000.0,,40185000.0,,152289000.0,25790000.0,13230000.0,,,2378112000.0,1357893000.0,1526852000.0,301588000.0,301588000.0,,,,400000000.0,,1387000.0,265919000.0,,,,3739000.0,19758000.0,851260000.0,,,,,688865000.0,1722000.0,48974000.0,1337675000.0,1135200000.0,331494000.0,245674000.0,558430000.0,-398000.0,-342000.0,202263000.0,4885559000.0,3589163000.0,1296395000.0,26.535243971058378,1223711000.0,72684000.0,1.4877314960273738,17664000.0,,19000.0,755000.0,,58436000.0,4614000.0,51781000.0,31912000.0,,,,6829000.0,,,2290000.0,25083000.0,15497000.0,61.782880835625726,9586000.0,13353000.0,-3767000.0,,257081000.0,25083000.0,178416000.0,260000.0,5996000.0,-23436000.0,29732000.0,-210493000.0,-100213000.0,,-3102000.0,,,,,,-1200000.0,,,,-66620000.0,,300000000.0,-252048000.0,,,-105000.0,,-12871000.0,1264000.0,360396000.0,5490000000.0,90000000.0,95000000.0,75000000.0,10.0,-2.966952387778393,893.8331969443619,268676000.0,251360000.0,,,1.3148110172055025,3.2742316659881676,,2.29413206533665,1.1187769747404521,5.26205906018124,25.047512475031002,13.76247208605402,1.5526780047073425,6.348027076110285,15.75292587776333,88.99014571948999,80.76,-5.022666666666667,12.37199264198836,23.823675086676577,-2090.9742500663656,13.168108621912769,1.201825215906716,63.91528175179135,21.062665585263193,30.669997433942118,761040000.0,54.30794990311243,2.805635092095848,36.543877099554656,3.3352817968220214,528.1965606170818,868594000.0,177.72662627524807,1.1965311959734168,116.70908509796627,-230.57977170161934,1134858000.0,30.54151636207448,-254019000.0,267.0,18297973.782771535,272224.71910112357,"{'segments': [{'name': 'VegetableSeedlingProductionAndSales', 'type': 'Segment'}, {'name': 'AgricultureAndHorticulturalSeedMaterialSales', 'type': 'Segment'}, {'name': 'Overseas', 'type': 'Segment'}, {'name': 'NotInclude', 'type': 'NotInclude'}, {'name': 'Total', 'type': 'Total'}, {'name': 'Reconcile', 'type': 'Reconcile'}], 'periods': [{'name': 'CurrentYearInstant', 'instant': '2019-10-31'}, {'name': 'CurrentYearDuration', 'start_date': '2018-11-01', 'end_date': '2019-10-31'}, {'name': 'Prior1YearDuration', 'start_date': '2017-11-01', 'end_date': '2018-10-31'}, {'name': 'Prior1YearInstant', 'instant': '2018-10-31'}], 'values': [{'segment': 'VegetableSeedlingProductionAndSales', 'period': 'CurrentYearDuration', 'net_sales': '4777203000', 'operating_income': '499894000', 'revenues_from_external_customers': '4777203000', 'transactions_with_other_segments': None}, {'segment': 'Overseas', 'period': 'CurrentYearDuration', 'net_sales': '38511000', 'operating_income': '-42425000', 'revenues_from_external_customers': '29304000', 'transactions_with_other_segments': '9206000'}, {'segment': 'VegetableSeedlingProductionAndSales', 'period': 'Prior1YearDuration', 'net_sales': '4601876000', 'operating_income': '427258000', 'revenues_from_external_customers': '4601799000', 'transactions_with_other_segments': '76000'}, {'segment': 'AgricultureAndHorticulturalSeedMaterialSales', 'period': 'CurrentYearDuration', 'net_sales': '76587000', 'operating_income': '-5174000', 'revenues_from_external_customers': '76587000', 'transactions_with_other_segments': None}, {'segment': 'AgricultureAndHorticulturalSeedMaterialSales', 'period': 'Prior1YearDuration', 'net_sales': '75067000', 'operating_income': '3150000', 'revenues_from_external_customers': '74981000', 'transactions_with_other_segments': '85000'}, {'segment': 'Overseas', 'period': 'Prior1YearDuration', 'net_sales': '24424000', 'operating_income': '-47850000', 'revenues_from_external_customers': '18450000', 'transactions_with_other_segments': '5973000'}, {'segment': 'Total', 'period': 'Prior1YearDuration', 'net_sales': '4701367000', 'operating_income': '382559000', 'revenues_from_external_customers': '4695232000', 'transactions_with_other_segments': '6135000'}, {'segment': 'Total', 'period': 'CurrentYearDuration', 'net_sales': '4892302000', 'operating_income': '452294000', 'revenues_from_external_customers': '4883095000', 'transactions_with_other_segments': '9206000'}, {'segment': 'NotInclude', 'period': 'CurrentYearDuration', 'net_sales': '2463000', 'operating_income': '-4173000', 'revenues_from_external_customers': '2463000', 'transactions_with_other_segments': None}, {'segment': 'NotInclude', 'period': 'Prior1YearDuration', 'net_sales': '10048000', 'operating_income': '-22952000', 'revenues_from_external_customers': '3276000', 'transactions_with_other_segments': '6772000'}, {'segment': 'Reconcile', 'period': 'CurrentYearDuration', 'net_sales': '-9206000', 'operating_income': '-375436000', 'revenues_from_external_customers': None, 'transactions_with_other_segments': '-9206000'}, {'segment': 'Reconcile', 'period': 'Prior1YearDuration', 'net_sales': '-12907000', 'operating_income': '-345965000', 'revenues_from_external_customers': None, 'transactions_with_other_segments': '-12907000'}]}",149754000.0,75857000.0,2018.0,4.0,2020-01-31 14:44:00+00:00
7,ベルグアース株式会社,代表取締役社長  山口 一彦,愛媛県宇和島市津島町北灘甲88番地１,2020-01-31T00:00:00.000Z,2020-03-13T11:24:00.000Z,2020-03-13T11:24:00.000Z,2020-03-09T15:30:00.000Z,【E25969】ベルグアース株式会社 四半期報告書－第20期第1四半期(令和1年11月1日－令和2年1月31日),【13830】ベルグアース株式会社 2020年10月期第１四半期決算短信〔日本基準〕(連結),Japan GAAP,1269653.0,1269900.0,247.0,3392837000.0,1344469000.0,442323000.0,337559000.0,337559000.0,,,,384806000.0,15002000.0,192209000.0,177595000.0,,,-2160000.0,2048368000.0,1776660000.0,1001223000.0,,512894000.0,,39763000.0,,231943000.0,,,,,2264395000.0,1438106000.0,1472616000.0,276837000.0,276837000.0,,,,550000000.0,,,258422000.0,,,,,3718000.0,791778000.0,,,,,629684000.0,,,1128442000.0,935346000.0,331494000.0,245674000.0,358575000.0,-398000.0,-819000.0,193362000.0,542961000.0,525149000.0,17812000.0,3.2805302774969105,291515000.0,-273702000.0,,1928000.0,,0.0,70000.0,,6724000.0,1221000.0,5501000.0,-278499000.0,6000.0,6000.0,,0.0,,,,-278493000.0,-82433000.0,29.599666777980058,-196059000.0,-8901000.0,-187158000.0,,,-278493000.0,,,,,,,,,,,,,,,,,,,,,,,,,,,,,0.0,5490000000.0,90000000.0,95000000.0,75000000.0,,-2.966952387778393,736.0483533689913,90000000.0,,,,1.439962780410612,3.6305431844592873,,2.4102768570937254,1.3586063951136726,0.0,53.689859861021326,0.0,0.0,-0.4461056185194116,-224.16216216216216,9.89,-304.11333333333334,-249.544,911.1223458038422,-132.88247802354385,-140.07309332221973,13.036965819460233,1.0864418994837644,25.21902509006646,39.13285353716173,28.152944015080955,445528000.0,36.198934612147234,2.749855909403037,42.38653374742141,3.532302444817471,559.3980107436955,995783000.0,200.5948584387513,1.5388614120955437,91.29800300961011,-264.34377488717814,934526000.0,27.54408773542614,-187164000.0,,,,"{'segments': [{'name': 'VegetableSeedlingAndSeedlingRelated', 'type': 'Segment'}, {'name': 'AgricultureAndHorticulturalSeedMaterialSales', 'type': 'Segment'}, {'name': 'Overseas', 'type': 'Segment'}, {'name': 'Total', 'type': 'Total'}, {'name': 'Reconcile', 'type': 'Reconcile'}], 'periods': [{'name': 'CurrentYTDDuration', 'start_date': '2019-11-01', 'end_date': '2020-01-31'}, {'name': 'Prior1YTDDuration', 'start_date': '2018-11-01', 'end_date': '2019-01-31'}], 'values': [{'segment': 'VegetableSeedlingAndSeedlingRelated', 'period': 'CurrentYTDDuration', 'net_sales': '505237000', 'operating_income': '-149541000', 'revenues_from_external_customers': '505237000', 'transactions_with_other_segments': None}, {'segment': 'VegetableSeedlingAndSeedlingRelated', 'period': 'Prior1YTDDuration', 'net_sales': '438856000', 'operating_income': '-134875000', 'revenues_from_external_customers': '438856000', 'transactions_with_other_segments': None}, {'segment': 'AgricultureAndHorticulturalSeedMaterialSales', 'period': 'Prior1YTDDuration', 'net_sales': '23621000', 'operating_income': '-319000', 'revenues_from_external_customers': '23621000', 'transactions_with_other_segments': None}, {'segment': 'AgricultureAndHorticulturalSeedMaterialSales', 'period': 'CurrentYTDDuration', 'net_sales': '23938000', 'operating_income': '1495000', 'revenues_from_external_customers': '23938000', 'transactions_with_other_segments': None}, {'segment': 'Overseas', 'period': 'CurrentYTDDuration', 'net_sales': '15634000', 'operating_income': '-10571000', 'revenues_from_external_customers': '13786000', 'transactions_with_other_segments': '1847000'}, {'segment': 'Overseas', 'period': 'Prior1YTDDuration', 'net_sales': '5860000', 'operating_income': '-11656000', 'revenues_from_external_customers': '2064000', 'transactions_with_other_segments': '3795000'}, {'segment': 'Total', 'period': 'CurrentYTDDuration', 'net_sales': '544809000', 'operating_income': '-158617000', 'revenues_from_external_customers': '542961000', 'transactions_with_other_segments': '1847000'}, {'segment': 'Total', 'period': 'Prior1YTDDuration', 'net_sales': '468338000', 'operating_income': '-146851000', 'revenues_from_external_customers': '464542000', 'transactions_with_other_segments': '3795000'}, {'segment': 'Reconcile', 'period': 'CurrentYTDDuration', 'net_sales': '-1847000', 'operating_income': '-115085000', 'revenues_from_external_customers': None, 'transactions_with_other_segments': '-1847000'}, {'segment': 'Reconcile', 'period': 'Prior1YTDDuration', 'net_sales': '-3795000', 'operating_income': '-97718000', 'revenues_from_external_customers': None, 'transactions_with_other_segments': '-3795000'}]}",,,2019.0,1.0,2020-03-13 11:24:00+00:00
8,ベルグアース株式会社,代表取締役社長  山口 一彦,愛媛県宇和島市津島町北灘甲88番地１,2020-04-30T00:00:00.000Z,2020-06-15T13:16:00.000Z,2020-06-15T13:16:00.000Z,2020-06-12T15:30:00.000Z,四半期報告書－第20期第2四半期(令和2年2月1日－令和2年4月30日),2020年10月期第２四半期決算短信〔日本基準〕(連結),Japan GAAP,1269653.0,1269900.0,247.0,4581995000.0,2274718000.0,315498000.0,1273212000.0,1273212000.0,,,,368623000.0,14142000.0,159751000.0,194730000.0,,,-2110000.0,2307276000.0,2023580000.0,1284152000.0,,512894000.0,,40942000.0,,,,,,,3350839000.0,1885568000.0,2220048000.0,587420000.0,587420000.0,,,,650000000.0,,,309478000.0,,,,,8885000.0,1130791000.0,,,,,926090000.0,,,1231155000.0,1002510000.0,331494000.0,245674000.0,425739000.0,-398000.0,-720000.0,228810000.0,2268825000.0,1795994000.0,472830000.0,20.84030279990744,662941000.0,-190111000.0,,4004000.0,,2000.0,72000.0,,12882000.0,2747000.0,9858000.0,-198989000.0,79549000.0,,,0.0,,,,-119439000.0,-25993000.0,21.762573363809143,-93446000.0,26547000.0,-119993000.0,,-296634000.0,-119439000.0,90325000.0,,-465328000.0,-160302000.0,260803000.0,-395340000.0,-353359000.0,,-688000.0,,,,,,-550000.0,,,,518325000.0,,420000000.0,-139216000.0,,,,,-12210000.0,-152000.0,57413000.0,5490000000.0,90000000.0,95000000.0,75000000.0,,-2.966952387778393,789.0273956742511,180325000.0,,,,1.0662514908898852,4.573803318257002,,1.9805988794604343,1.2673831168377436,-13.074344649763644,29.219574008572717,19.10306029651249,0.0,-1.4449453214174877,-69.2067710229341,41.326502732240435,-211.23444444444445,-159.99066666666667,141.97547188522694,-147.34076407993223,-162.50364604601936,6.885603323443172,0.7749319985696621,95.12163910004976,37.48712304233605,59.73768814623354,1054415000.0,72.87107399615228,2.414314729341069,41.15168174561518,4.631366850753414,733.4528806096133,1570070000.0,272.08240327456474,1.8821969851995077,102.46255936808572,-416.79585877355987,1001791000.0,21.863642365388873,97092000.0,,,,"{'segments': [{'name': 'VegetableSeedlingAndSeedlingRelated', 'type': 'Segment'}, {'name': 'AgricultureAndHorticulturalSeedMaterialSales', 'type': 'Segment'}, {'name': 'Overseas', 'type': 'Segment'}, {'name': 'Total', 'type': 'Total'}, {'name': 'Reconcile', 'type': 'Reconcile'}], 'periods': [{'name': 'Prior1YTDDuration', 'start_date': '2018-11-01', 'end_date': '2019-04-30'}, {'name': 'CurrentYTDDuration', 'start_date': '2019-11-01', 'end_date': '2020-04-30'}], 'values': [{'segment': 'VegetableSeedlingAndSeedlingRelated', 'period': 'Prior1YTDDuration', 'net_sales': '2065329000', 'operating_income': '143981000', 'revenues_from_external_customers': '2065329000', 'transactions_with_other_segments': None}, {'segment': 'VegetableSeedlingAndSeedlingRelated', 'period': 'CurrentYTDDuration', 'net_sales': '2190227000', 'operating_income': '46442000', 'revenues_from_external_customers': '2190227000', 'transactions_with_other_segments': None}, {'segment': 'AgricultureAndHorticulturalSeedMaterialSales', 'period': 'CurrentYTDDuration', 'net_sales': '48419000', 'operating_income': '-2227000', 'revenues_from_external_customers': '48419000', 'transactions_with_other_segments': None}, {'segment': 'AgricultureAndHorticulturalSeedMaterialSales', 'period': 'Prior1YTDDuration', 'net_sales': '41828000', 'operating_income': '-373000', 'revenues_from_external_customers': '41828000', 'transactions_with_other_segments': None}, {'segment': 'Overseas', 'period': 'Prior1YTDDuration', 'net_sales': '19165000', 'operating_income': '-21410000', 'revenues_from_external_customers': '13372000', 'transactions_with_other_segments': '5793000'}, {'segment': 'Overseas', 'period': 'CurrentYTDDuration', 'net_sales': '33789000', 'operating_income': '-26650000', 'revenues_from_external_customers': '30178000', 'transactions_with_other_segments': '3610000'}, {'segment': 'Total', 'period': 'Prior1YTDDuration', 'net_sales': '2126323000', 'operating_income': '122197000', 'revenues_from_external_customers': '2120529000', 'transactions_with_other_segments': '5793000'}, {'segment': 'Total', 'period': 'CurrentYTDDuration', 'net_sales': '2272436000', 'operating_income': '17563000', 'revenues_from_external_customers': '2268825000', 'transactions_with_other_segments': '3610000'}, {'segment': 'Reconcile', 'period': 'CurrentYTDDuration', 'net_sales': '-3610000', 'operating_income': '-207675000', 'revenues_from_external_customers': None, 'transactions_with_other_segments': '-3610000'}, {'segment': 'Reconcile', 'period': 'Prior1YTDDuration', 'net_sales': '-5793000', 'operating_income': '-181573000', 'revenues_from_external_customers': None, 'transactions_with_other_segments': '-5793000'}]}",,,2019.0,2.0,2020-06-15 13:16:00+00:00
