,company_name,ceo_name,headquarters_address,end_date,updated_date,edinet_updated_date,tdnet_updated_date,edinet_title,tdnet_title,accounting_standard,num_of_shares,issued_share_num,treasury_stock_num,assets,current_assets,cash_and_deposits,trade_receivables,notes_accounts_receivable,notes_receivable,accounts_receivable,current_securities,inventories,merchandise,work_in_process,raw_materials_and_supplies,prepaid_expenses,current_dta,current_allowance_doubtful_accounts,non_current_assets,tangible_fixed_assets,buildings,machineries,land,construction_in_progress,intangible_assets,good_will,investments_and_other_assets,investment_securities,non_current_dta,non_current_allowance_doubtful_accounts,lease_and_guarantee_deposits,liabilities,debt,current_liabilities,trade_payables,notes_accounts_payable,accounts_payable,notes_payable,short_term_bonds_payable,short_term_loans_payable,commercial_papers_liabilities,current_lease_obligations,current_portion_of_long_term_loans,current_portion_of_bonds,current_portion_of_convertible_bonds,current_portion_of_bonds_with_subscription_rights,advances_received,corporate_tax_payable,non_current_liabilities,bonds_payable,convertible_bonds,convertible_bond_type_bonds_with_subscription_rights,non_current_bonds_with_subscription_right,long_term_loans_payable,non_current_lease_obligations,non_current_dtl,net_assets,shareholders_equity,capital_stock,additional_capital_stock,retained_earnings,treasury_stock,valuation_and_translation_adjustments,non_controlling_interests,net_sales,cost_of_sales,gross_profit,gross_margin,sga,operating_income,operating_margin,non_operating_income,interest_and_dividends_income,interest_income,dividends_income,equity_method_income,non_operating_expenses,interest_expense,equity_method_loss,ordinary_income,extraordinary_income,gain_of_sales_non_current_assets,gain_of_sales_investment_securities,extraordinary_loss,loss_of_sales_non_current_assets,loss_of_valuation_investment_securities,impairment_loss,income_before_income_taxes,income_taxes,real_corporate_tax_rate,net_income,non_controling_interests,profit_loss_attributable_to_owners_of_parent,net_profit_margin,operating_cash_flow,income_before_taxes,depreciation,amortization,decrease_trade_receivables_op_cf,decrease_inventories_op_cf,increase_trade_payables_op_cf,investment_cash_flow,purchase_of_property,sale_of_property,purchase_of_intangible_assets,sale_of_intangible_assets,purchase_of_non_current_assets,sale_of_non_current_assets,purchase_of_securities,sale_of_securities,purchase_of_investment_securities,sale_of_investment_securities,lending,return_of_lending,financial_cash_flow,net_short_term_debt,long_term_debt_issuance,long_term_debt_repayment,bonds_issuance,bonds_repayment,share_repurchase,share_sales,dividend_payment,cash_translation_difference,free_cash_flow,ex_net_sales,ex_operating_income,ex_ordinary_income,ex_net_income,dividend,eps_actual,bps,ebitda_forecast,ebitda_actual,roe,real_roe,total_asset_turnover,financial_leverage,roa,roic,doe,net_sales_operating_cash_flow_ratio,sga_ratio,depreciation_gross_profit_ratio,r_and_d_ratio,interest_op_income_ratio,interest_coverage_ratio,net_sales_progress,operating_income_progress,net_income_progress,net_sales_growth_rate_forecast,operating_income_growth_rate_forecast,net_income_growth_rate_forecast,cash_assets_ratio,cash_monthly_sales_ratio,accounts_receivable_turnover,inventory_turnover,trade_payable_turnover,working_capital,ccc,tangible_fixed_assets_turnover,debt_assets_ratio,debt_monthly_sales_ratio,operating_cash_flow_debt_ratio,net_debt,adjusted_debt_ratio,de_ratio,current_ratio,net_debt_net_income_ratio,equity,equity_ratio,accrual,employee_num,net_sales_per_employee,operating_income_per_employee,segment_member,increase_in_properties,r_and_d_expenses,fiscal_year,fiscal_quarter,to_datetime
0,ルーデン・ホールディングス株式会社,代表取締役社長　　　西　岡　孝,東京都新宿区西新宿７丁目22番36号　三井花桐ビル４階,2017-06-30T00:00:00.000Z,2017-08-10T15:47:00.000Z,2017-08-10T15:47:00.000Z,2017-08-10T15:40:00.000Z,【E05479】ルーデン・ホールディングス株式会社 四半期報告書－第18期第2四半期(平成29年4月1日－平成29年6月30日),【14000】ルーデン・ホールディングス株式会社 平成29年12月期第2四半期決算短信〔日本基準〕（連結）,Japan GAAP,10111100.0,10111300.0,200.0,2385507000.0,2080156000.0,834102000.0,243850000.0,243850000.0,,,,471566000.0,353000.0,191000.0,4845000.0,,,-79000.0,305350000.0,93354000.0,143231000.0,4327000.0,28296000.0,,123435000.0,119953000.0,88560000.0,3366000.0,,-693249000.0,,380124000.0,145627000.0,265280000.0,31897000.0,31897000.0,,,,41500000.0,,,,,,,,12281000.0,114844000.0,,,,,104127000.0,,,2005383000.0,1724442000.0,1789811000.0,322164000.0,-387242000.0,-290000.0,615000.0,,1276979000.0,792196000.0,484782000.0,37.963192816796514,492313000.0,-7531000.0,,7521000.0,,7156000.0,27000.0,,7728000.0,22000.0,,-7737000.0,,,,26666000.0,,,,-34404000.0,-10549000.0,30.66213231019649,-23855000.0,,-23855000.0,,2105000.0,-34404000.0,1739000.0,2033000.0,50242000.0,179000.0,-17082000.0,71044000.0,,,,,,,,,,,,,43475000.0,33875000.0,,,,,,,,,2105000.0,2638000000.0,58000000.0,59000000.0,24000000.0,,-5.939610922649366,170.61041825320686,61772000.0,,,,0.9872936864155083,1.3828553110357384,,,,0.16484217829737216,38.55294409696636,0.35871793919741246,0.0,-0.29212587969725134,-342.3181818181818,48.4070887035633,-12.98448275862069,-99.39583333333333,106.58131417979466,-870.1500464745717,-200.60783902745757,34.965397292902516,4.249847571072641,37.79101611925292,117.47638993447127,7.9461717124216555,683519000.0,147.32123434130253,25.228656511772392,6.104656159047113,0.7419866541892903,-253.0706937300153,-688475000.0,18.952441399968986,0.08441856191585331,784.1360072376357,11.463883708538697,1725059000.0,72.3141453787392,706000.0,,,,"{'segments': [{'name': 'Reconcile', 'type': 'Reconcile'}, {'name': 'HouseCareBusiness', 'type': 'Segment'}, {'name': 'BuildingIntegratedManagementBusiness', 'type': 'Segment'}, {'name': 'GeneralRealEstateBusiness', 'type': 'Segment'}, {'name': 'Total', 'type': 'Total'}], 'periods': [{'name': 'Prior1YTDDuration', 'start_date': '2016-01-01', 'end_date': '2016-06-30'}, {'name': 'CurrentYTDDuration', 'start_date': '2017-01-01', 'end_date': '2017-06-30'}], 'values': [{'segment': 'Reconcile', 'period': 'Prior1YTDDuration', 'net_sales': None, 'operating_income': '-123281000', 'revenues_from_external_customers': None, 'transactions_with_other_segments': None}, {'segment': 'HouseCareBusiness', 'period': 'Prior1YTDDuration', 'net_sales': '414199000', 'operating_income': '73530000', 'revenues_from_external_customers': '414199000', 'transactions_with_other_segments': None}, {'segment': 'BuildingIntegratedManagementBusiness', 'period': 'Prior1YTDDuration', 'net_sales': '626709000', 'operating_income': '39584000', 'revenues_from_external_customers': '626709000', 'transactions_with_other_segments': None}, {'segment': 'GeneralRealEstateBusiness', 'period': 'Prior1YTDDuration', 'net_sales': '48819000', 'operating_income': '-9177000', 'revenues_from_external_customers': '48819000', 'transactions_with_other_segments': None}, {'segment': 'Total', 'period': 'Prior1YTDDuration', 'net_sales': '1089728000', 'operating_income': '103938000', 'revenues_from_external_customers': '1089728000', 'transactions_with_other_segments': None}, {'segment': 'Reconcile', 'period': 'CurrentYTDDuration', 'net_sales': None, 'operating_income': '-136035000', 'revenues_from_external_customers': None, 'transactions_with_other_segments': None}, {'segment': 'Total', 'period': 'CurrentYTDDuration', 'net_sales': '1274979000', 'operating_income': '129713000', 'revenues_from_external_customers': '1274979000', 'transactions_with_other_segments': None}, {'segment': 'GeneralRealEstateBusiness', 'period': 'CurrentYTDDuration', 'net_sales': '121283000', 'operating_income': '-11725000', 'revenues_from_external_customers': '121283000', 'transactions_with_other_segments': None}, {'segment': 'BuildingIntegratedManagementBusiness', 'period': 'CurrentYTDDuration', 'net_sales': '665486000', 'operating_income': '37516000', 'revenues_from_external_customers': '665486000', 'transactions_with_other_segments': None}, {'segment': 'HouseCareBusiness', 'period': 'CurrentYTDDuration', 'net_sales': '488209000', 'operating_income': '103922000', 'revenues_from_external_customers': '488209000', 'transactions_with_other_segments': None}]}",,,2017.0,2.0,2017-08-10 15:47:00+00:00
1,ルーデン・ホールディングス株式会社,代表取締役社長　　西岡　孝,東京都新宿区西新宿７丁目22番36号　三井花桐ビル４階,2017-09-30T00:00:00.000Z,2017-11-14T15:18:00.000Z,2017-11-14T15:18:00.000Z,2017-11-14T15:10:00.000Z,【E05479】ルーデン・ホールディングス株式会社 四半期報告書－第18期第3四半期(平成29年7月1日－平成29年9月30日),【14000】ルーデン・ホールディングス株式会社 平成29年12月期第3四半期決算短信〔日本基準〕（連結）,Japan GAAP,10111100.0,10111300.0,200.0,2391536000.0,2085966000.0,758556000.0,236853000.0,236853000.0,,,,479685000.0,353000.0,1007000.0,6126000.0,,,-65000.0,305570000.0,93203000.0,143231000.0,4327000.0,28296000.0,,122336000.0,118854000.0,90029000.0,3575000.0,,-693211000.0,,383849000.0,146627000.0,266192000.0,32480000.0,32480000.0,,,,40000000.0,,,,,,,,4682000.0,117656000.0,,,,,106627000.0,,,2007686000.0,1706916000.0,1789811000.0,322164000.0,-404769000.0,-290000.0,663000.0,,1804522000.0,1109554000.0,694967000.0,38.51252575474281,718986000.0,-24019000.0,,11927000.0,,11417000.0,27000.0,,8440000.0,31000.0,,-20532000.0,,,,26666000.0,,,,-47198000.0,-5817000.0,12.324674774354845,-41381000.0,,-41381000.0,,,-47198000.0,,,,,,,,,,,,,,,,,,,,,,,,,,,,,0.0,2638000000.0,58000000.0,59000000.0,24000000.0,,-5.939610922649366,168.8817240458506,58000000.0,,,,0.984804744733092,1.400541116668033,,,,0.0,39.84357076278372,0.0,0.0,-0.12906449061159916,-774.8064516129032,68.4049279757392,-41.41206896551724,-172.42083333333332,46.188298064529,-341.4754985636371,-157.99763176336964,31.718360083226848,3.8649318358217317,36.70664564647698,119.49899294206294,8.091408509247119,684058000.0,148.1142300792928,25.26952995075266,6.131080610954633,0.7470817715383348,-254.8084943695259,-611929000.0,19.11621453642872,0.08586830485248129,783.6321151649937,10.189306647129346,1707580000.0,71.40097410199971,-14715000.0,,,,"{'segments': [{'name': 'Reconcile', 'type': 'Reconcile'}, {'name': 'HouseCareBusiness', 'type': 'Segment'}, {'name': 'BuildingIntegratedManagementBusiness', 'type': 'Segment'}, {'name': 'GeneralRealEstateBusiness', 'type': 'Segment'}, {'name': 'Total', 'type': 'Total'}, {'name': 'NotInclude', 'type': 'NotInclude'}], 'periods': [{'name': 'Prior1YTDDuration', 'start_date': '2016-01-01', 'end_date': '2016-09-30'}, {'name': 'CurrentYTDDuration', 'start_date': '2017-01-01', 'end_date': '2017-09-30'}], 'values': [{'segment': 'Reconcile', 'period': 'Prior1YTDDuration', 'net_sales': None, 'operating_income': '-182958000', 'revenues_from_external_customers': None, 'transactions_with_other_segments': None}, {'segment': 'HouseCareBusiness', 'period': 'Prior1YTDDuration', 'net_sales': '620070000', 'operating_income': '122968000', 'revenues_from_external_customers': '620070000', 'transactions_with_other_segments': None}, {'segment': 'BuildingIntegratedManagementBusiness', 'period': 'Prior1YTDDuration', 'net_sales': '945200000', 'operating_income': '59584000', 'revenues_from_external_customers': '945200000', 'transactions_with_other_segments': None}, {'segment': 'GeneralRealEstateBusiness', 'period': 'Prior1YTDDuration', 'net_sales': '78904000', 'operating_income': '-18313000', 'revenues_from_external_customers': '78904000', 'transactions_with_other_segments': None}, {'segment': 'Total', 'period': 'Prior1YTDDuration', 'net_sales': '1644176000', 'operating_income': '164240000', 'revenues_from_external_customers': '1644176000', 'transactions_with_other_segments': None}, {'segment': 'NotInclude', 'period': 'Prior1YTDDuration', 'net_sales': None, 'operating_income': None, 'revenues_from_external_customers': None, 'transactions_with_other_segments': None}, {'segment': 'NotInclude', 'period': 'CurrentYTDDuration', 'net_sales': '9497000', 'operating_income': '-178000', 'revenues_from_external_customers': '9497000', 'transactions_with_other_segments': None}, {'segment': 'Total', 'period': 'CurrentYTDDuration', 'net_sales': '1795024000', 'operating_income': '178970000', 'revenues_from_external_customers': '1795024000', 'transactions_with_other_segments': None}, {'segment': 'GeneralRealEstateBusiness', 'period': 'CurrentYTDDuration', 'net_sales': '127704000', 'operating_income': '-12332000', 'revenues_from_external_customers': '127704000', 'transactions_with_other_segments': None}, {'segment': 'BuildingIntegratedManagementBusiness', 'period': 'CurrentYTDDuration', 'net_sales': '991417000', 'operating_income': '53228000', 'revenues_from_external_customers': '991417000', 'transactions_with_other_segments': None}, {'segment': 'HouseCareBusiness', 'period': 'CurrentYTDDuration', 'net_sales': '675901000', 'operating_income': '138074000', 'revenues_from_external_customers': '675901000', 'transactions_with_other_segments': None}, {'segment': 'Reconcile', 'period': 'CurrentYTDDuration', 'net_sales': None, 'operating_income': '-202811000', 'revenues_from_external_customers': None, 'transactions_with_other_segments': None}]}",,,2017.0,3.0,2017-11-14 15:18:00+00:00
2,ルーデン・ホールディングス株式会社,代表取締役社長　　　西　岡　孝,東京都新宿区西新宿７丁目22番36号　三井花桐ビル４階,2017-12-31T00:00:00.000Z,2018-03-29T15:18:00.000Z,2018-03-29T15:18:00.000Z,2018-02-14T15:50:00.000Z,【E05479】ルーデン・ホールディングス株式会社 有価証券報告書－第18期(平成29年1月1日－平成29年12月31日),【14000】ルーデン・ホールディングス株式会社 平成29年12月期決算短信〔日本基準〕（連結）,Japan GAAP,10361100.0,10361300.0,200.0,2408507000.0,2098050000.0,730211000.0,241189000.0,241189000.0,,,,484121000.0,350000.0,1517000.0,7899000.0,,24030000.0,,310456000.0,113799000.0,143231000.0,3428000.0,28296000.0,22572000.0,106152000.0,95748000.0,90504000.0,4026000.0,,-692185000.0,,375038000.0,109127000.0,254930000.0,47217000.0,47217000.0,,,,,,,,,,,,9003000.0,120107000.0,,,,,109127000.0,,,2033468000.0,1726991000.0,1809186000.0,341539000.0,-423444000.0,-290000.0,963000.0,,2355196000.0,1465159000.0,890037000.0,37.790357999928666,941525000.0,-51488000.0,,17052000.0,,15677000.0,56000.0,,7919000.0,38000.0,,-42355000.0,,,,26666000.0,,,,-69022000.0,-8965000.0,12.988612326504592,-60056000.0,,-60056000.0,,-57544000.0,-69022000.0,3462000.0,5931000.0,52904000.0,-4196000.0,-1761000.0,19353000.0,-22572000.0,,-10000000.0,,,,,,,,,,49725000.0,,,,,,,,,,-24972000.0,2734000000.0,178000000.0,185000000.0,151000000.0,0.0,-5.796295760102692,166.77321905975234,187393000.0,,,,0.9778655407686172,1.3938490260736107,,,,-2.443278606111763,39.976503017158656,0.3889725932742122,0.0,-0.0738036047234307,-1354.9473684210527,86.1446964155084,-28.925842696629214,-39.77218543046357,16.0837569357285,-445.7116221255438,-351.4319968029839,30.317993678241333,3.720510734563068,37.37862368991795,120.60408802048106,11.76268582454191,678093000.0,146.2200258858571,20.69610453518924,4.530898187134187,0.5560148709491693,-189.6409703878771,-621084000.0,18.44064043017901,0.06315388025375676,822.9906248774173,10.341747702144666,1727954000.0,71.74378152108339,24154000.0,69.0,34133275.36231884,-746202.8985507246,"{'segments': [{'name': 'Total', 'type': 'Total'}, {'name': 'Reconcile', 'type': 'Reconcile'}, {'name': 'HouseCareBusiness', 'type': 'Segment'}, {'name': 'BuildingIntegratedManagementBusiness', 'type': 'Segment'}, {'name': 'GeneralRealEstateBusiness', 'type': 'Segment'}, {'name': 'NotInclude', 'type': 'NotInclude'}], 'periods': [{'name': 'Prior1YearDuration', 'start_date': '2016-01-01', 'end_date': '2016-12-31'}, {'name': 'Prior1YearInstant', 'instant': '2016-12-31'}, {'name': 'CurrentYearInstant', 'instant': '2017-12-31'}, {'name': 'CurrentYearDuration', 'start_date': '2017-01-01', 'end_date': '2017-12-31'}], 'values': [{'segment': 'Total', 'period': 'Prior1YearDuration', 'net_sales': '2465739000', 'operating_income': '292193000', 'revenues_from_external_customers': '2465739000', 'transactions_with_other_segments': None}, {'segment': 'NotInclude', 'period': 'Prior1YearDuration', 'net_sales': None, 'operating_income': None, 'revenues_from_external_customers': None, 'transactions_with_other_segments': None}, {'segment': 'Reconcile', 'period': 'CurrentYearDuration', 'net_sales': None, 'operating_income': '-270383000', 'revenues_from_external_customers': None, 'transactions_with_other_segments': None}, {'segment': 'NotInclude', 'period': 'CurrentYearDuration', 'net_sales': '23225000', 'operating_income': '3438000', 'revenues_from_external_customers': '23225000', 'transactions_with_other_segments': None}, {'segment': 'Total', 'period': 'CurrentYearDuration', 'net_sales': '2331970000', 'operating_income': '215456000', 'revenues_from_external_customers': '2331970000', 'transactions_with_other_segments': None}, {'segment': 'GeneralRealEstateBusiness', 'period': 'CurrentYearDuration', 'net_sales': '133811000', 'operating_income': '-13578000', 'revenues_from_external_customers': '133811000', 'transactions_with_other_segments': None}, {'segment': 'BuildingIntegratedManagementBusiness', 'period': 'CurrentYearDuration', 'net_sales': '1331639000', 'operating_income': '77950000', 'revenues_from_external_customers': '1331639000', 'transactions_with_other_segments': None}, {'segment': 'HouseCareBusiness', 'period': 'CurrentYearDuration', 'net_sales': '866520000', 'operating_income': '151084000', 'revenues_from_external_customers': '866520000', 'transactions_with_other_segments': None}, {'segment': 'Reconcile', 'period': 'Prior1YearDuration', 'net_sales': None, 'operating_income': '-241523000', 'revenues_from_external_customers': None, 'transactions_with_other_segments': None}, {'segment': 'HouseCareBusiness', 'period': 'Prior1YearDuration', 'net_sales': '864723000', 'operating_income': '198100000', 'revenues_from_external_customers': '864723000', 'transactions_with_other_segments': None}, {'segment': 'BuildingIntegratedManagementBusiness', 'period': 'Prior1YearDuration', 'net_sales': '1268804000', 'operating_income': '80854000', 'revenues_from_external_customers': '1268804000', 'transactions_with_other_segments': None}, {'segment': 'GeneralRealEstateBusiness', 'period': 'Prior1YearDuration', 'net_sales': '332211000', 'operating_income': '13238000', 'revenues_from_external_customers': '332211000', 'transactions_with_other_segments': None}]}",33572000.0,,2017.0,4.0,2018-03-29 15:18:00+00:00
3,ルーデン・ホールディングス株式会社,代表取締役社長　　　西　岡　孝,東京都新宿区西新宿７丁目22番36号　三井花桐ビル４階,2018-03-31T00:00:00.000Z,2018-05-15T15:24:00.000Z,2018-05-15T15:24:00.000Z,2018-05-15T15:00:00.000Z,【E05479】ルーデン・ホールディングス株式会社 四半期報告書－第19期第1四半期(平成30年1月1日－平成30年3月31日),【14000】ルーデン・ホールディングス株式会社 平成３０年１２月期　第１四半期決算短信〔日本基準〕（連結）,Japan GAAP,11372200.0,11372400.0,200.0,2829780000.0,2523479000.0,981246000.0,354385000.0,354385000.0,,,,606408000.0,115003000.0,1819000.0,7045000.0,,24001000.0,,306300000.0,112021000.0,136073000.0,3428000.0,37543000.0,,103610000.0,93206000.0,90669000.0,3712000.0,,-697947000.0,,439592000.0,109127000.0,322322000.0,95780000.0,95780000.0,,,,,,,,,,,,10148000.0,117270000.0,,,,,109127000.0,,,2390187000.0,2084504000.0,1996240000.0,528592000.0,-440038000.0,-290000.0,755000.0,,639817000.0,403663000.0,236154000.0,36.909616343423195,257001000.0,-20846000.0,,6684000.0,,4168000.0,,,315000.0,5000.0,,-14477000.0,,,,,,,,-14477000.0,2116000.0,-14.616287904952683,-16593000.0,,-16593000.0,,,-14477000.0,,,,,,,,,,,,,,,,,,,,,,,,,,,,,0.0,2734000000.0,178000000.0,185000000.0,151000000.0,,-4.247199310599532,183.36460843108634,178000000.0,,,,1.0490536366784697,1.357040060731065,,,,0.0,40.16789175654914,0.0,0.0,-0.02398541686654514,-4169.2,23.402231163130942,-11.71123595505618,-10.988741721854305,327.3096838627295,-953.8808404490069,-1010.0222985596336,34.675699170960286,3.9665120590879646,43.57303683801507,113.41251171458481,17.913105321867345,865013000.0,139.07244323073255,26.500307977968415,3.8563775275816496,0.4411264468564379,-11.616830975944952,-872119000.0,18.389300545455992,0.05233258794231316,782.9062242105721,18.056293995859214,2085259000.0,73.68979213931826,-16593000.0,,,,"{'segments': [{'name': 'Reconcile', 'type': 'Reconcile'}, {'name': 'HouseCareBusiness', 'type': 'Segment'}, {'name': 'BuildingIntegratedManagementBusiness', 'type': 'Segment'}, {'name': 'GeneralRealEstateBusiness', 'type': 'Segment'}, {'name': 'Total', 'type': 'Total'}, {'name': 'NotInclude', 'type': 'NotInclude'}], 'periods': [{'name': 'Prior1YTDDuration', 'start_date': '2017-01-01', 'end_date': '2017-03-31'}, {'name': 'CurrentYTDDuration', 'start_date': '2018-01-01', 'end_date': '2018-03-31'}], 'values': [{'segment': 'Reconcile', 'period': 'Prior1YTDDuration', 'net_sales': None, 'operating_income': '-71272000', 'revenues_from_external_customers': None, 'transactions_with_other_segments': None}, {'segment': 'HouseCareBusiness', 'period': 'Prior1YTDDuration', 'net_sales': '300752000', 'operating_income': '88144000', 'revenues_from_external_customers': '300752000', 'transactions_with_other_segments': None}, {'segment': 'BuildingIntegratedManagementBusiness', 'period': 'Prior1YTDDuration', 'net_sales': '336630000', 'operating_income': '20206000', 'revenues_from_external_customers': '336630000', 'transactions_with_other_segments': None}, {'segment': 'GeneralRealEstateBusiness', 'period': 'Prior1YTDDuration', 'net_sales': '4417000', 'operating_income': '-14496000', 'revenues_from_external_customers': '4417000', 'transactions_with_other_segments': None}, {'segment': 'Total', 'period': 'Prior1YTDDuration', 'net_sales': '641800000', 'operating_income': '93854000', 'revenues_from_external_customers': '641800000', 'transactions_with_other_segments': None}, {'segment': 'NotInclude', 'period': 'CurrentYTDDuration', 'net_sales': '4900000', 'operating_income': '-32338000', 'revenues_from_external_customers': '4900000', 'transactions_with_other_segments': None}, {'segment': 'Total', 'period': 'CurrentYTDDuration', 'net_sales': '634917000', 'operating_income': '66926000', 'revenues_from_external_customers': '634917000', 'transactions_with_other_segments': None}, {'segment': 'GeneralRealEstateBusiness', 'period': 'CurrentYTDDuration', 'net_sales': '4046000', 'operating_income': '-1777000', 'revenues_from_external_customers': '4046000', 'transactions_with_other_segments': None}, {'segment': 'BuildingIntegratedManagementBusiness', 'period': 'CurrentYTDDuration', 'net_sales': '354005000', 'operating_income': '14431000', 'revenues_from_external_customers': '354005000', 'transactions_with_other_segments': None}, {'segment': 'HouseCareBusiness', 'period': 'CurrentYTDDuration', 'net_sales': '276865000', 'operating_income': '54273000', 'revenues_from_external_customers': '276865000', 'transactions_with_other_segments': None}, {'segment': 'NotInclude', 'period': 'Prior1YTDDuration', 'net_sales': None, 'operating_income': None, 'revenues_from_external_customers': None, 'transactions_with_other_segments': None}, {'segment': 'Reconcile', 'period': 'CurrentYTDDuration', 'net_sales': None, 'operating_income': '-55435000', 'revenues_from_external_customers': None, 'transactions_with_other_segments': None}]}",,,2018.0,1.0,2018-05-15 15:24:00+00:00
4,ルーデン・ホールディングス株式会社,代表取締役社長　　　西　岡　孝,東京都渋谷区桜丘町20番１号　渋谷インフォスタワー２階,2018-06-30T00:00:00.000Z,2018-08-10T15:10:00.000Z,2018-08-10T15:10:00.000Z,2018-08-10T15:00:00.000Z,【E05479】ルーデン・ホールディングス株式会社 四半期報告書－第19期第2四半期(平成30年4月1日－平成30年6月30日),【14000】ルーデン・ホールディングス株式会社 平成30年12月期第2四半期決算短信〔日本基準〕（連結）,Japan GAAP,12202200.0,12202400.0,200.0,3227522000.0,2930240000.0,835097000.0,252889000.0,252889000.0,,,,1439640000.0,116300000.0,1577000.0,8051000.0,,26805000.0,,297281000.0,109508000.0,136073000.0,3428000.0,37543000.0,,101068000.0,90664000.0,86705000.0,3476000.0,,-696838000.0,,444348000.0,109127000.0,326577000.0,61776000.0,61776000.0,,,,,,,,,,,,35709000.0,117770000.0,,,,,109127000.0,,,2783174000.0,2462487000.0,2151940000.0,684292000.0,-373454000.0,-290000.0,598000.0,,1755942000.0,1175817000.0,580124000.0,33.03776548428137,519252000.0,60872000.0,3.4666293078017385,11474000.0,,8055000.0,58000.0,,3172000.0,10000.0,,69174000.0,,,,,,,,69174000.0,19184000.0,27.732963252088936,49989000.0,,49989000.0,2.846848016620139,-795767000.0,69174000.0,5026000.0,5083000.0,-11699000.0,-116161000.0,14558000.0,213008000.0,,,,,,,,,,,,,686444000.0,,,,,,,,,,-795767000.0,3218000000.0,292000000.0,299000000.0,253000000.0,,-3.958302601170281,201.85589483863566,302109000.0,70981000.0,,,0.9197740557616648,1.310357007428892,,,,-45.31852418815656,29.571136176479634,0.8663665009549684,0.0,0.01642791431199895,6087.2,54.56625233064015,20.846575342465755,19.758498023715415,83.26345631006036,379.6950979103693,406.11134449578907,25.87424655819542,3.3757307759809283,31.09370236586987,269.2464287489361,11.553560183375204,1630753000.0,288.7865709314308,27.1084395660591,3.3811388427406537,0.4411264468564379,-11.616830975944952,-725970000.0,15.963849361802415,0.0443049897567523,897.2585332096259,15.030434782608696,2463086000.0,76.31508011409373,845756000.0,,,,"{'segments': [{'name': 'Reconcile', 'type': 'Reconcile'}, {'name': 'HouseCareBusiness', 'type': 'Segment'}, {'name': 'BuildingIntegratedManagementBusiness', 'type': 'Segment'}, {'name': 'GeneralRealEstateBusiness', 'type': 'Segment'}, {'name': 'Total', 'type': 'Total'}, {'name': 'NotInclude', 'type': 'NotInclude'}], 'periods': [{'name': 'Prior1YTDDuration', 'start_date': '2017-01-01', 'end_date': '2017-06-30'}, {'name': 'CurrentYTDDuration', 'start_date': '2018-01-01', 'end_date': '2018-06-30'}], 'values': [{'segment': 'Reconcile', 'period': 'Prior1YTDDuration', 'net_sales': None, 'operating_income': '-136035000', 'revenues_from_external_customers': None, 'transactions_with_other_segments': None}, {'segment': 'HouseCareBusiness', 'period': 'Prior1YTDDuration', 'net_sales': '488209000', 'operating_income': '103922000', 'revenues_from_external_customers': '488209000', 'transactions_with_other_segments': None}, {'segment': 'BuildingIntegratedManagementBusiness', 'period': 'Prior1YTDDuration', 'net_sales': '665486000', 'operating_income': '37516000', 'revenues_from_external_customers': '665486000', 'transactions_with_other_segments': None}, {'segment': 'GeneralRealEstateBusiness', 'period': 'Prior1YTDDuration', 'net_sales': '121283000', 'operating_income': '-11725000', 'revenues_from_external_customers': '121283000', 'transactions_with_other_segments': None}, {'segment': 'Total', 'period': 'Prior1YTDDuration', 'net_sales': '1274979000', 'operating_income': '129713000', 'revenues_from_external_customers': '1274979000', 'transactions_with_other_segments': None}, {'segment': 'Reconcile', 'period': 'CurrentYTDDuration', 'net_sales': None, 'operating_income': '-131956000', 'revenues_from_external_customers': None, 'transactions_with_other_segments': None}, {'segment': 'NotInclude', 'period': 'CurrentYTDDuration', 'net_sales': '9400000', 'operating_income': '-37647000', 'revenues_from_external_customers': '9400000', 'transactions_with_other_segments': None}, {'segment': 'Total', 'period': 'CurrentYTDDuration', 'net_sales': '1746542000', 'operating_income': '230475000', 'revenues_from_external_customers': '1746542000', 'transactions_with_other_segments': None}, {'segment': 'GeneralRealEstateBusiness', 'period': 'CurrentYTDDuration', 'net_sales': '558281000', 'operating_income': '133724000', 'revenues_from_external_customers': '558281000', 'transactions_with_other_segments': None}, {'segment': 'BuildingIntegratedManagementBusiness', 'period': 'CurrentYTDDuration', 'net_sales': '681131000', 'operating_income': '18508000', 'revenues_from_external_customers': '681131000', 'transactions_with_other_segments': None}, {'segment': 'HouseCareBusiness', 'period': 'CurrentYTDDuration', 'net_sales': '507129000', 'operating_income': '78243000', 'revenues_from_external_customers': '507129000', 'transactions_with_other_segments': None}, {'segment': 'NotInclude', 'period': 'Prior1YTDDuration', 'net_sales': '2000000', 'operating_income': '-1209000', 'revenues_from_external_customers': '2000000', 'transactions_with_other_segments': None}]}",,,2018.0,2.0,2018-08-10 15:10:00+00:00
5,ルーデン・ホールディングス株式会社,代表取締役社長　　　西　岡　孝,東京都渋谷区桜丘町20番１号　渋谷インフォスタワー２階,2018-09-30T00:00:00.000Z,2018-11-14T15:29:00.000Z,2018-11-14T15:29:00.000Z,2018-11-14T15:00:00.000Z,【E05479】ルーデン・ホールディングス株式会社 四半期報告書－第19期第3四半期(平成30年7月1日－平成30年9月30日),【14000】ルーデン・ホールディングス株式会社 平成30年12月期第3四半期決算短信〔日本基準〕（連結）,Japan GAAP,12383300.0,12383500.0,200.0,3311830000.0,3013599000.0,895468000.0,269703000.0,269703000.0,,,,1442141000.0,116300000.0,1716000.0,9178000.0,,28522000.0,,298230000.0,111560000.0,131668000.0,3428000.0,37543000.0,,98526000.0,88122000.0,88144000.0,3641000.0,,-697441000.0,,456682000.0,109127000.0,338879000.0,82067000.0,82067000.0,,,,,,,,,,,,35429000.0,117803000.0,,,,,109127000.0,,,2855147000.0,2514143000.0,2185912000.0,718265000.0,-389743000.0,-290000.0,707000.0,,2391287000.0,1555402000.0,835884000.0,34.95540267646669,791175000.0,44708000.0,1.86962083597661,16176000.0,,11504000.0,58000.0,,4139000.0,13000.0,,56746000.0,,,,619000.0,,,,56127000.0,22425000.0,39.95403281842963,33701000.0,,33701000.0,1.4093247694651458,,56127000.0,,,,,,,,,,,,,,,,,,,,,,,,,,,,,0.0,3218000000.0,292000000.0,299000000.0,253000000.0,,-3.9004142676023354,203.0840729046377,292000000.0,44708000.0,,,0.8963597165313437,1.3169090335769396,,,,0.0,33.08574002200489,0.0,0.0,0.02907757000984164,3439.076923076923,74.30972653822249,15.310958904109588,13.320553359683794,34.57188534876825,553.1269571441353,650.7195632177087,27.03846513860917,3.619769783038485,33.16105014129599,269.7141743786082,15.348452854976898,1629777000.0,287.5267716649273,26.60981534600215,3.29506647382263,0.4411264468564379,-11.616830975944952,-786341000.0,15.993418870736773,0.04339302805613533,889.284670929742,16.280351966873706,2514851000.0,75.93538919570148,34320000.0,,,,"{'segments': [{'name': 'Reconcile', 'type': 'Reconcile'}, {'name': 'HouseCareBusiness', 'type': 'Segment'}, {'name': 'BuildingIntegratedManagementBusiness', 'type': 'Segment'}, {'name': 'GeneralRealEstateBusiness', 'type': 'Segment'}, {'name': 'Total', 'type': 'Total'}, {'name': 'NotInclude', 'type': 'NotInclude'}], 'periods': [{'name': 'Prior1YTDDuration', 'start_date': '2017-01-01', 'end_date': '2017-09-30'}, {'name': 'CurrentYTDDuration', 'start_date': '2018-01-01', 'end_date': '2018-09-30'}], 'values': [{'segment': 'Reconcile', 'period': 'Prior1YTDDuration', 'net_sales': None, 'operating_income': '-202811000', 'revenues_from_external_customers': None, 'transactions_with_other_segments': None}, {'segment': 'HouseCareBusiness', 'period': 'Prior1YTDDuration', 'net_sales': '675901000', 'operating_income': '138074000', 'revenues_from_external_customers': '675901000', 'transactions_with_other_segments': None}, {'segment': 'BuildingIntegratedManagementBusiness', 'period': 'Prior1YTDDuration', 'net_sales': '991417000', 'operating_income': '53228000', 'revenues_from_external_customers': '991417000', 'transactions_with_other_segments': None}, {'segment': 'GeneralRealEstateBusiness', 'period': 'Prior1YTDDuration', 'net_sales': '127704000', 'operating_income': '-12332000', 'revenues_from_external_customers': '127704000', 'transactions_with_other_segments': None}, {'segment': 'Total', 'period': 'Prior1YTDDuration', 'net_sales': '1795024000', 'operating_income': '178970000', 'revenues_from_external_customers': '1795024000', 'transactions_with_other_segments': None}, {'segment': 'NotInclude', 'period': 'Prior1YTDDuration', 'net_sales': '9497000', 'operating_income': '-178000', 'revenues_from_external_customers': '9497000', 'transactions_with_other_segments': None}, {'segment': 'NotInclude', 'period': 'CurrentYTDDuration', 'net_sales': '19370000', 'operating_income': '-41322000', 'revenues_from_external_customers': '19370000', 'transactions_with_other_segments': None}, {'segment': 'Total', 'period': 'CurrentYTDDuration', 'net_sales': '2371917000', 'operating_income': '298283000', 'revenues_from_external_customers': '2371917000', 'transactions_with_other_segments': None}, {'segment': 'GeneralRealEstateBusiness', 'period': 'CurrentYTDDuration', 'net_sales': '579628000', 'operating_income': '146332000', 'revenues_from_external_customers': '579628000', 'transactions_with_other_segments': None}, {'segment': 'BuildingIntegratedManagementBusiness', 'period': 'CurrentYTDDuration', 'net_sales': '1011610000', 'operating_income': '27577000', 'revenues_from_external_customers': '1011610000', 'transactions_with_other_segments': None}, {'segment': 'HouseCareBusiness', 'period': 'CurrentYTDDuration', 'net_sales': '780678000', 'operating_income': '124373000', 'revenues_from_external_customers': '780678000', 'transactions_with_other_segments': None}, {'segment': 'Reconcile', 'period': 'CurrentYTDDuration', 'net_sales': None, 'operating_income': '-212251000', 'revenues_from_external_customers': None, 'transactions_with_other_segments': None}]}",,,2018.0,3.0,2018-11-14 15:29:00+00:00
6,ルーデン・ホールディングス株式会社,代表取締役社長　　　西　岡　孝,東京都渋谷区桜丘町20番１号　渋谷インフォスタワー２階,2018-12-31T00:00:00.000Z,2019-03-29T14:54:00.000Z,2019-03-29T14:54:00.000Z,2019-02-13T17:45:00.000Z,【E05479】ルーデン・ホールディングス株式会社 有価証券報告書－第19期(平成30年1月1日－平成30年12月31日),【14000】ルーデン・ホールディングス株式会社 平成３０年１２月期決算短信〔日本基準〕（連結）,Japan GAAP,12418300.0,12418500.0,200.0,3147206000.0,2955586000.0,639459000.0,274188000.0,274188000.0,,,,1515075000.0,114544000.0,1611000.0,8919000.0,,3856000.0,,191620000.0,97205000.0,134015000.0,3428000.0,37543000.0,,10403000.0,,84010000.0,2930000.0,,-714372000.0,,350437000.0,2600000.0,341595000.0,81984000.0,81984000.0,,,,2600000.0,,,,,,,,41527000.0,8842000.0,,,,,,,,2796768000.0,2437566000.0,2188625000.0,720977000.0,-471745000.0,-290000.0,235000.0,,2968591000.0,1951627000.0,1016964000.0,34.25746423134746,1022428000.0,-5464000.0,,20500000.0,,15630000.0,118000.0,,31580000.0,21000.0,,-16543000.0,109127000.0,,,88741000.0,,,88122000.0,3842000.0,52142000.0,1357.1577303487766,-48300000.0,,-48300000.0,,-939387000.0,3842000.0,3585000.0,7625000.0,-32999000.0,-115309000.0,34766000.0,86824000.0,-7776000.0,,,,,,,,,,,,759411000.0,2600000.0,,,,,,,,,-931611000.0,3205000000.0,194000000.0,201000000.0,162000000.0,0.0,-3.8894212573379607,196.3073045424897,205210000.0,,,,0.9432464859306954,1.291000954548009,,,,-31.64420427064557,34.44152461554994,0.3525198532101431,1.1406758290380858,-0.38433382137628114,-260.1904761904762,92.623744149766,-2.816494845360825,-29.814814814814813,7.963677044092643,-3650.5124450951685,-435.4037267080745,20.31830773073005,2.584899031223904,33.71249862308415,283.35454213330723,15.332929909250076,1707279000.0,301.7341108471413,30.53948870942853,0.08261295892293037,0.010510036579643339,-0.27677623812124286,-636859000.0,12.52877130184644,0.0010665340882753858,865.2310484638241,13.185486542443064,2437803000.0,77.45927657738324,870701000.0,70.0,42408442.85714286,-78057.14285714286,"{'segments': [{'name': 'Reconcile', 'type': 'Reconcile'}, {'name': 'NotInclude', 'type': 'NotInclude'}, {'name': 'Total', 'type': 'Total'}, {'name': 'GeneralRealEstateBusiness', 'type': 'Segment'}, {'name': 'BuildingIntegratedManagementBusiness', 'type': 'Segment'}, {'name': 'HouseCareBusiness', 'type': 'Segment'}], 'periods': [{'name': 'CurrentYearInstant', 'instant': '2018-12-31'}, {'name': 'CurrentYearDuration', 'start_date': '2018-01-01', 'end_date': '2018-12-31'}, {'name': 'Prior1YearDuration', 'start_date': '2017-01-01', 'end_date': '2017-12-31'}, {'name': 'Prior1YearInstant', 'instant': '2017-12-31'}], 'values': [{'segment': 'Reconcile', 'period': 'CurrentYearDuration', 'net_sales': None, 'operating_income': '-287043000', 'revenues_from_external_customers': None, 'transactions_with_other_segments': None}, {'segment': 'NotInclude', 'period': 'CurrentYearDuration', 'net_sales': None, 'operating_income': '-66603000', 'revenues_from_external_customers': None, 'transactions_with_other_segments': None}, {'segment': 'Total', 'period': 'CurrentYearDuration', 'net_sales': '2968591000', 'operating_income': '348182000', 'revenues_from_external_customers': '2968591000', 'transactions_with_other_segments': None}, {'segment': 'GeneralRealEstateBusiness', 'period': 'CurrentYearDuration', 'net_sales': '604689000', 'operating_income': '152905000', 'revenues_from_external_customers': '604689000', 'transactions_with_other_segments': None}, {'segment': 'BuildingIntegratedManagementBusiness', 'period': 'CurrentYearDuration', 'net_sales': '1352191000', 'operating_income': '37646000', 'revenues_from_external_customers': '1352191000', 'transactions_with_other_segments': None}, {'segment': 'HouseCareBusiness', 'period': 'CurrentYearDuration', 'net_sales': '1011710000', 'operating_income': '157630000', 'revenues_from_external_customers': '1011710000', 'transactions_with_other_segments': None}, {'segment': 'Reconcile', 'period': 'Prior1YearDuration', 'net_sales': None, 'operating_income': '-270383000', 'revenues_from_external_customers': None, 'transactions_with_other_segments': None}, {'segment': 'HouseCareBusiness', 'period': 'Prior1YearDuration', 'net_sales': '866520000', 'operating_income': '151084000', 'revenues_from_external_customers': '866520000', 'transactions_with_other_segments': None}, {'segment': 'BuildingIntegratedManagementBusiness', 'period': 'Prior1YearDuration', 'net_sales': '1331639000', 'operating_income': '77950000', 'revenues_from_external_customers': '1331639000', 'transactions_with_other_segments': None}, {'segment': 'GeneralRealEstateBusiness', 'period': 'Prior1YearDuration', 'net_sales': '133811000', 'operating_income': '-13578000', 'revenues_from_external_customers': '133811000', 'transactions_with_other_segments': None}, {'segment': 'Total', 'period': 'Prior1YearDuration', 'net_sales': '2331970000', 'operating_income': '215456000', 'revenues_from_external_customers': '2331970000', 'transactions_with_other_segments': None}, {'segment': 'NotInclude', 'period': 'Prior1YearDuration', 'net_sales': '23225000', 'operating_income': '3438000', 'revenues_from_external_customers': '23225000', 'transactions_with_other_segments': None}]}",7776000.0,33862000.0,2018.0,4.0,2019-03-29 14:54:00+00:00
7,ルーデン・ホールディングス株式会社,代表取締役社長　　　西　岡　孝,東京都渋谷区桜丘町20番１号　渋谷インフォスタワー２階,2019-03-31T00:00:00.000Z,2019-05-15T14:08:00.000Z,2019-05-15T14:08:00.000Z,2019-05-15T14:00:00.000Z,【E05479】ルーデン・ホールディングス株式会社 四半期報告書－第20期第1四半期(平成31年1月1日－平成31年3月31日),【14000】ルーデン・ホールディングス株式会社 2019年12月期 第1四半期決算短信〔日本基準〕（連結）,Japan GAAP,12422800.0,12423000.0,200.0,3219235000.0,3017431000.0,615596000.0,367804000.0,367804000.0,,,,1665596000.0,116866000.0,1905000.0,6824000.0,,,,201804000.0,99753000.0,134015000.0,3428000.0,37543000.0,,10403000.0,,91647000.0,3109000.0,,-718496000.0,,395799000.0,6838000.0,379694000.0,101610000.0,101610000.0,,,,2600000.0,,,,,,,,11906000.0,16104000.0,,,,,4238000.0,,,2823436000.0,2453847000.0,2189450000.0,721803000.0,-457116000.0,-290000.0,354000.0,,660422000.0,404104000.0,256318000.0,38.81124493127122,236961000.0,19356000.0,2.930853302888153,4075000.0,,3373000.0,,,190000.0,47000.0,,23241000.0,,,,,,,,23241000.0,8612000.0,37.05520416505314,14628000.0,,14628000.0,2.214947412412064,,23241000.0,,,,,,,,,,,,,,,,,,,,,,,,,,,,,0.0,3205000000.0,194000000.0,201000000.0,162000000.0,,-2.6283929548893967,197.55626750813022,194000000.0,19356000.0,,,1.1176590090502867,1.3117237293425725,,,,0.0,35.88024021004752,0.0,0.0,0.24281876420748089,411.82978723404256,20.605990639625585,9.977319587628866,9.02962962962963,385.295765434828,902.2731969415169,1007.4651353568498,19.122431260843026,2.053123298537218,37.311895168630855,233.50917570383936,14.24527156841582,1931790000.0,256.5757993040544,36.069160827243294,0.2124107124829346,0.02280595896561624,0.8862162144648423,-608758000.0,14.016905322966888,0.002786241719304279,794.7007326952756,18.643819674139408,2454202000.0,76.23556528181385,14628000.0,,,,"{'segments': [{'name': 'Reconcile', 'type': 'Reconcile'}, {'name': 'HouseCareBusiness', 'type': 'Segment'}, {'name': 'BuildingIntegratedManagementBusiness', 'type': 'Segment'}, {'name': 'GeneralRealEstateBusiness', 'type': 'Segment'}, {'name': 'Total', 'type': 'Total'}, {'name': 'NotInclude', 'type': 'NotInclude'}], 'periods': [{'name': 'Prior1YTDDuration', 'start_date': '2018-01-01', 'end_date': '2018-03-31'}, {'name': 'CurrentYTDDuration', 'start_date': '2019-01-01', 'end_date': '2019-03-31'}], 'values': [{'segment': 'Reconcile', 'period': 'Prior1YTDDuration', 'net_sales': None, 'operating_income': '-55435000', 'revenues_from_external_customers': None, 'transactions_with_other_segments': None}, {'segment': 'HouseCareBusiness', 'period': 'Prior1YTDDuration', 'net_sales': '276865000', 'operating_income': '54273000', 'revenues_from_external_customers': '276865000', 'transactions_with_other_segments': None}, {'segment': 'BuildingIntegratedManagementBusiness', 'period': 'Prior1YTDDuration', 'net_sales': '354005000', 'operating_income': '14431000', 'revenues_from_external_customers': '354005000', 'transactions_with_other_segments': None}, {'segment': 'GeneralRealEstateBusiness', 'period': 'Prior1YTDDuration', 'net_sales': '4046000', 'operating_income': '-1777000', 'revenues_from_external_customers': '4046000', 'transactions_with_other_segments': None}, {'segment': 'Total', 'period': 'Prior1YTDDuration', 'net_sales': '634917000', 'operating_income': '66926000', 'revenues_from_external_customers': '634917000', 'transactions_with_other_segments': None}, {'segment': 'NotInclude', 'period': 'CurrentYTDDuration', 'net_sales': '20000', 'operating_income': '54000', 'revenues_from_external_customers': '20000', 'transactions_with_other_segments': None}, {'segment': 'Total', 'period': 'CurrentYTDDuration', 'net_sales': '660402000', 'operating_income': '88094000', 'revenues_from_external_customers': '660402000', 'transactions_with_other_segments': None}, {'segment': 'GeneralRealEstateBusiness', 'period': 'CurrentYTDDuration', 'net_sales': '17643000', 'operating_income': '12357000', 'revenues_from_external_customers': '17643000', 'transactions_with_other_segments': None}, {'segment': 'BuildingIntegratedManagementBusiness', 'period': 'CurrentYTDDuration', 'net_sales': '327920000', 'operating_income': '10756000', 'revenues_from_external_customers': '327920000', 'transactions_with_other_segments': None}, {'segment': 'HouseCareBusiness', 'period': 'CurrentYTDDuration', 'net_sales': '314837000', 'operating_income': '64980000', 'revenues_from_external_customers': '314837000', 'transactions_with_other_segments': None}, {'segment': 'NotInclude', 'period': 'Prior1YTDDuration', 'net_sales': '4900000', 'operating_income': '-32338000', 'revenues_from_external_customers': '4900000', 'transactions_with_other_segments': None}, {'segment': 'Reconcile', 'period': 'CurrentYTDDuration', 'net_sales': None, 'operating_income': '-68792000', 'revenues_from_external_customers': None, 'transactions_with_other_segments': None}]}",,,2019.0,1.0,2019-05-15 14:08:00+00:00
8,ルーデン・ホールディングス株式会社,代表取締役社長　　　西　岡　孝,東京都渋谷区桜丘町20番１号　渋谷インフォスタワー２階,2019-06-30T00:00:00.000Z,2019-08-09T15:07:00.000Z,2019-08-09T15:07:00.000Z,2019-08-09T15:05:00.000Z,【E05479】ルーデン・ホールディングス株式会社 四半期報告書－第20期第2四半期(平成31年4月1日－令和1年6月30日),【14000】ルーデン・ホールディングス株式会社 2019年12月期 第2四半期決算短信〔日本基準〕（連結）,Japan GAAP,12450800.0,12451000.0,200.0,3560671000.0,3360126000.0,1017578000.0,301422000.0,301422000.0,,,,1633866000.0,116858000.0,1799000.0,6696000.0,,,,200545000.0,99025000.0,134015000.0,3428000.0,37543000.0,,10403000.0,,91115000.0,2942000.0,,-719063000.0,,741786000.0,8062000.0,723489000.0,78050000.0,78050000.0,,,,2600000.0,,,,,,,360608000.0,24253000.0,18296000.0,,,,,5462000.0,,,2818885000.0,2440538000.0,2195248000.0,727601000.0,-482020000.0,-290000.0,243000.0,,1329439000.0,835050000.0,494388000.0,37.18771602157,496008000.0,-1620000.0,,7783000.0,,6784000.0,29000.0,,586000.0,79000.0,,5576000.0,,,,,,,,5576000.0,15852000.0,284.2898134863702,-10275000.0,,-10275000.0,,212727000.0,5576000.0,1924000.0,,-27233000.0,-278000.0,-3934000.0,141763000.0,,,,,,,,,,,,,22627000.0,,,,,,,,,,212727000.0,3205000000.0,194000000.0,201000000.0,162000000.0,,-2.622482089504289,196.03415041603753,195924000.0,,,,1.010485664078484,1.4588238523555155,,,,16.001260682137353,37.30957193222103,0.38916802187755367,0.0,-4.876543209876543,-20.50632911392405,41.48015600624025,-0.8350515463917526,-6.342592592592593,141.07913187442222,-12075.308641975309,-1676.6423357664235,28.578265164065986,3.393805515108781,30.577769859814058,229.06077036119754,10.942264008609929,1857238000.0,248.6962762124017,36.33432971471851,0.22641799818067998,0.026888218950102096,1.0448486576507106,-1009516000.0,26.312165793184175,0.003303039763485637,464.4335988522286,30.917432316550286,2440782000.0,68.5483719220338,-223002000.0,,,,"{'segments': [{'name': 'NotInclude', 'type': 'NotInclude'}, {'name': 'Reconcile', 'type': 'Reconcile'}, {'name': 'HouseCareBusiness', 'type': 'Segment'}, {'name': 'BuildingIntegratedManagementBusiness', 'type': 'Segment'}, {'name': 'GeneralRealEstateBusiness', 'type': 'Segment'}, {'name': 'Total', 'type': 'Total'}], 'periods': [{'name': 'Prior1YTDDuration', 'start_date': '2018-01-01', 'end_date': '2018-06-30'}, {'name': 'CurrentYTDDuration', 'start_date': '2019-01-01', 'end_date': '2019-06-30'}], 'values': [{'segment': 'NotInclude', 'period': 'Prior1YTDDuration', 'net_sales': '9400000', 'operating_income': '-37647000', 'revenues_from_external_customers': '9400000', 'transactions_with_other_segments': None}, {'segment': 'Reconcile', 'period': 'Prior1YTDDuration', 'net_sales': None, 'operating_income': '-131956000', 'revenues_from_external_customers': None, 'transactions_with_other_segments': None}, {'segment': 'HouseCareBusiness', 'period': 'Prior1YTDDuration', 'net_sales': '507129000', 'operating_income': '78243000', 'revenues_from_external_customers': '507129000', 'transactions_with_other_segments': None}, {'segment': 'BuildingIntegratedManagementBusiness', 'period': 'Prior1YTDDuration', 'net_sales': '681131000', 'operating_income': '18508000', 'revenues_from_external_customers': '681131000', 'transactions_with_other_segments': None}, {'segment': 'GeneralRealEstateBusiness', 'period': 'Prior1YTDDuration', 'net_sales': '558281000', 'operating_income': '133724000', 'revenues_from_external_customers': '558281000', 'transactions_with_other_segments': None}, {'segment': 'Total', 'period': 'Prior1YTDDuration', 'net_sales': '1746542000', 'operating_income': '230475000', 'revenues_from_external_customers': '1746542000', 'transactions_with_other_segments': None}, {'segment': 'Reconcile', 'period': 'CurrentYTDDuration', 'net_sales': None, 'operating_income': '-134123000', 'revenues_from_external_customers': None, 'transactions_with_other_segments': None}, {'segment': 'Total', 'period': 'CurrentYTDDuration', 'net_sales': '1328658000', 'operating_income': '136587000', 'revenues_from_external_customers': '1328658000', 'transactions_with_other_segments': None}, {'segment': 'GeneralRealEstateBusiness', 'period': 'CurrentYTDDuration', 'net_sales': '35955000', 'operating_income': '-6967000', 'revenues_from_external_customers': '35955000', 'transactions_with_other_segments': None}, {'segment': 'BuildingIntegratedManagementBusiness', 'period': 'CurrentYTDDuration', 'net_sales': '697284000', 'operating_income': '27891000', 'revenues_from_external_customers': '697284000', 'transactions_with_other_segments': None}, {'segment': 'HouseCareBusiness', 'period': 'CurrentYTDDuration', 'net_sales': '595419000', 'operating_income': '115663000', 'revenues_from_external_customers': '595419000', 'transactions_with_other_segments': None}, {'segment': 'NotInclude', 'period': 'CurrentYTDDuration', 'net_sales': '780000', 'operating_income': '-4083000', 'revenues_from_external_customers': '780000', 'transactions_with_other_segments': None}]}",,,2019.0,2.0,2019-08-09 15:07:00+00:00
9,ルーデン・ホールディングス株式会社,代表取締役社長　　　西　岡　孝,東京都渋谷区桜丘町20番１号　渋谷インフォスタワー２階,2019-09-30T00:00:00.000Z,2019-11-13T15:22:00.000Z,2019-11-13T15:22:00.000Z,2019-11-13T15:05:00.000Z,【E05479】ルーデン・ホールディングス株式会社 四半期報告書－第20期第3四半期(令和1年7月1日－令和1年9月30日),【14000】ルーデン・ホールディングス株式会社 2019年12月期第3四半期決算短信〔日本基準〕（連結）,Japan GAAP,12455800.0,12456000.0,200.0,3280497000.0,2817066000.0,1509262000.0,345425000.0,345425000.0,,,,737854000.0,116858000.0,1642000.0,6945000.0,,,,463431000.0,98072000.0,134015000.0,3428000.0,37543000.0,,10403000.0,,354954000.0,3182000.0,,-726942000.0,,449498000.0,8052000.0,431274000.0,87959000.0,87959000.0,,,,2600000.0,,,,,,,,11669000.0,18224000.0,,,,,5452000.0,,,2830998000.0,2449211000.0,2196466000.0,728818000.0,-475783000.0,-290000.0,403000.0,,2915229000.0,2144757000.0,770472000.0,26.42921019240684,741777000.0,28694000.0,0.9842794511168762,3912000.0,,2558000.0,231000.0,,12382000.0,112000.0,,20223000.0,,,,,,,,20223000.0,24261000.0,119.96736389259753,-4037000.0,,-4037000.0,,,20223000.0,,,,,,,,,,,,,,,,,,,,,,,,,,,,,0.0,4003000000.0,188000000.0,201000000.0,160000000.0,,-2.6214293742674095,196.6645257630983,188000000.0,28694000.0,,,1.0967871636523367,1.3391893579968108,,,,0.0,25.444896438667424,0.0,0.0,0.3903255035896006,256.19642857142856,72.8261054209343,15.262765957446808,-2.523125,37.313398021218916,555.1892381682582,-4063.3391132028732,46.007114165932784,5.033660023451872,35.04165639477633,103.44385993348969,12.331461882553757,995320000.0,126.15405444571226,36.687403132392525,0.24545061312356023,0.026854867152843225,1.0435526409580156,-1501210000.0,15.87609596763028,0.0032870484900886427,653.1963438556463,45.97605047164033,2449614000.0,74.67203902335531,-4037000.0,,,,"{'segments': [{'name': 'Reconcile', 'type': 'Reconcile'}, {'name': 'HouseCareBusiness', 'type': 'Segment'}, {'name': 'BuildingIntegratedManagementBusiness', 'type': 'Segment'}, {'name': 'GeneralRealEstateBusiness', 'type': 'Segment'}, {'name': 'Total', 'type': 'Total'}, {'name': 'NotInclude', 'type': 'NotInclude'}], 'periods': [{'name': 'Prior1YTDDuration', 'start_date': '2018-01-01', 'end_date': '2018-09-30'}, {'name': 'CurrentYTDDuration', 'start_date': '2019-01-01', 'end_date': '2019-09-30'}], 'values': [{'segment': 'Reconcile', 'period': 'Prior1YTDDuration', 'net_sales': None, 'operating_income': '-212251000', 'revenues_from_external_customers': None, 'transactions_with_other_segments': None}, {'segment': 'HouseCareBusiness', 'period': 'Prior1YTDDuration', 'net_sales': '780678000', 'operating_income': '124373000', 'revenues_from_external_customers': '780678000', 'transactions_with_other_segments': None}, {'segment': 'BuildingIntegratedManagementBusiness', 'period': 'Prior1YTDDuration', 'net_sales': '1011610000', 'operating_income': '27577000', 'revenues_from_external_customers': '1011610000', 'transactions_with_other_segments': None}, {'segment': 'GeneralRealEstateBusiness', 'period': 'Prior1YTDDuration', 'net_sales': '579628000', 'operating_income': '146332000', 'revenues_from_external_customers': '579628000', 'transactions_with_other_segments': None}, {'segment': 'Total', 'period': 'Prior1YTDDuration', 'net_sales': '2371917000', 'operating_income': '298283000', 'revenues_from_external_customers': '2371917000', 'transactions_with_other_segments': None}, {'segment': 'NotInclude', 'period': 'Prior1YTDDuration', 'net_sales': '19370000', 'operating_income': '-41322000', 'revenues_from_external_customers': '19370000', 'transactions_with_other_segments': None}, {'segment': 'NotInclude', 'period': 'CurrentYTDDuration', 'net_sales': '780000', 'operating_income': '-20878000', 'revenues_from_external_customers': '780000', 'transactions_with_other_segments': None}, {'segment': 'Total', 'period': 'CurrentYTDDuration', 'net_sales': '2914448000', 'operating_income': '239590000', 'revenues_from_external_customers': '2914448000', 'transactions_with_other_segments': None}, {'segment': 'GeneralRealEstateBusiness', 'period': 'CurrentYTDDuration', 'net_sales': '956182000', 'operating_income': '7344000', 'revenues_from_external_customers': '956182000', 'transactions_with_other_segments': None}, {'segment': 'BuildingIntegratedManagementBusiness', 'period': 'CurrentYTDDuration', 'net_sales': '1075710000', 'operating_income': '45899000', 'revenues_from_external_customers': '1075710000', 'transactions_with_other_segments': None}, {'segment': 'HouseCareBusiness', 'period': 'CurrentYTDDuration', 'net_sales': '882555000', 'operating_income': '186346000', 'revenues_from_external_customers': '882555000', 'transactions_with_other_segments': None}, {'segment': 'Reconcile', 'period': 'CurrentYTDDuration', 'net_sales': None, 'operating_income': '-190017000', 'revenues_from_external_customers': None, 'transactions_with_other_segments': None}]}",,,2019.0,3.0,2019-11-13 15:22:00+00:00
10,ルーデン・ホールディングス株式会社,代表取締役社長　　　西　岡　孝,東京都渋谷区桜丘町20番１号　渋谷インフォスタワー２階,2019-12-31T00:00:00.000Z,2020-03-27T14:09:00.000Z,2020-03-27T14:09:00.000Z,2020-02-13T15:40:00.000Z,【E05479】ルーデン・ホールディングス株式会社 有価証券報告書－第20期(平成31年1月1日－令和1年12月31日),【14000】ルーデン・ホールディングス株式会社 2019年12月期決算短信〔日本基準〕（連結）,Japan GAAP,12475800.0,12476000.0,200.0,3255164000.0,3044807000.0,1570608000.0,300038000.0,300038000.0,,,,683920000.0,116895000.0,1786000.0,7018000.0,,,,210356000.0,100483000.0,134015000.0,3428000.0,37543000.0,,10403000.0,,99469000.0,3580000.0,,-740142000.0,,444099000.0,20783000.0,409843000.0,91895000.0,91895000.0,,,,2600000.0,,,,,,,,19410000.0,34255000.0,,,,,18183000.0,,,2811065000.0,2427936000.0,2200136000.0,732488000.0,-504397000.0,-290000.0,667000.0,,3598007000.0,2603506000.0,994500000.0,27.64030197828965,980714000.0,13786000.0,0.38315656417566724,9402000.0,,3420000.0,265000.0,,28585000.0,220000.0,,-5396000.0,,,,,,,,-5396000.0,27256000.0,-505.11489992587104,-32652000.0,,-32652000.0,,771595000.0,-5396000.0,4204000.0,,-25850000.0,-624000.0,9910000.0,140194000.0,-208000.0,,,,,,,,,,,,22960000.0,,,,,,,,,,771803000.0,2902000000.0,164000000.0,166000000.0,124000000.0,0.0,-2.6172269513778676,194.6652719665272,168204000.0,17990000.0,,,1.1053228040123324,1.340343118786299,,,,21.44506667163238,27.25714541411398,0.42272498743086984,0.0,1.5958218482518498,62.663636363636364,123.98370089593384,8.40609756097561,-26.33225806451613,-19.34423696229607,1089.6126505150153,-479.7623422761239,48.24973488278931,5.238259958916144,30.437369910619964,95.88255221996799,12.88327163448058,892063000.0,113.43665049610738,35.80712160265916,0.6384624553478718,0.06931504024311236,2.6935114924280223,-1549825000.0,15.796617645228013,0.008557587586289248,742.9203377878847,47.46493323533015,2428605000.0,74.60776169802811,-804247000.0,64.0,56218859.375,215406.25,"{'segments': [{'name': 'Total', 'type': 'Total'}, {'name': 'Reconcile', 'type': 'Reconcile'}, {'name': 'HouseCareBusiness', 'type': 'Segment'}, {'name': 'BuildingIntegratedManagementBusiness', 'type': 'Segment'}, {'name': 'NotInclude', 'type': 'NotInclude'}, {'name': 'GeneralRealEstateBusiness', 'type': 'Segment'}], 'periods': [{'name': 'Prior1YearDuration', 'start_date': '2018-01-01', 'end_date': '2018-12-31'}, {'name': 'Prior1YearInstant', 'instant': '2018-12-31'}, {'name': 'CurrentYearDuration', 'start_date': '2019-01-01', 'end_date': '2019-12-31'}, {'name': 'CurrentYearInstant', 'instant': '2019-12-31'}], 'values': [{'segment': 'Total', 'period': 'Prior1YearDuration', 'net_sales': '2968591000', 'operating_income': '348182000', 'revenues_from_external_customers': '2968591000', 'transactions_with_other_segments': None}, {'segment': 'NotInclude', 'period': 'CurrentYearDuration', 'net_sales': '811000', 'operating_income': '-23680000', 'revenues_from_external_customers': '811000', 'transactions_with_other_segments': None}, {'segment': 'Total', 'period': 'CurrentYearDuration', 'net_sales': '3597196000', 'operating_income': '283296000', 'revenues_from_external_customers': '3597196000', 'transactions_with_other_segments': None}, {'segment': 'GeneralRealEstateBusiness', 'period': 'CurrentYearDuration', 'net_sales': '1023068000', 'operating_income': '10540000', 'revenues_from_external_customers': '1023068000', 'transactions_with_other_segments': None}, {'segment': 'BuildingIntegratedManagementBusiness', 'period': 'CurrentYearDuration', 'net_sales': '1428096000', 'operating_income': '61523000', 'revenues_from_external_customers': '1428096000', 'transactions_with_other_segments': None}, {'segment': 'HouseCareBusiness', 'period': 'CurrentYearDuration', 'net_sales': '1146031000', 'operating_income': '211232000', 'revenues_from_external_customers': '1146031000', 'transactions_with_other_segments': None}, {'segment': 'NotInclude', 'period': 'Prior1YearDuration', 'net_sales': None, 'operating_income': '-66603000', 'revenues_from_external_customers': None, 'transactions_with_other_segments': None}, {'segment': 'Reconcile', 'period': 'CurrentYearDuration', 'net_sales': None, 'operating_income': '-245829000', 'revenues_from_external_customers': None, 'transactions_with_other_segments': None}, {'segment': 'Reconcile', 'period': 'Prior1YearDuration', 'net_sales': None, 'operating_income': '-287043000', 'revenues_from_external_customers': None, 'transactions_with_other_segments': None}, {'segment': 'HouseCareBusiness', 'period': 'Prior1YearDuration', 'net_sales': '1011710000', 'operating_income': '157630000', 'revenues_from_external_customers': '1011710000', 'transactions_with_other_segments': None}, {'segment': 'BuildingIntegratedManagementBusiness', 'period': 'Prior1YearDuration', 'net_sales': '1352191000', 'operating_income': '37646000', 'revenues_from_external_customers': '1352191000', 'transactions_with_other_segments': None}, {'segment': 'GeneralRealEstateBusiness', 'period': 'Prior1YearDuration', 'net_sales': '604689000', 'operating_income': '152905000', 'revenues_from_external_customers': '604689000', 'transactions_with_other_segments': None}]}",7482000.0,,2019.0,4.0,2020-03-27 14:09:00+00:00
11,ルーデン・ホールディングス株式会社,代表取締役社長　　　西　岡　孝,東京都渋谷区桜丘町20番１号　渋谷インフォスタワー２階,2020-03-31T00:00:00.000Z,2020-05-14T15:19:00.000Z,2020-05-14T15:19:00.000Z,2020-05-14T15:05:00.000Z,四半期報告書－第21期第1四半期(令和2年1月1日－令和2年3月31日),2020年12月期第1四半期決算短信〔日本基準〕（連結）,Japan GAAP,12475800.0,12476000.0,200.0,3255723000.0,3048087000.0,969912000.0,371744000.0,371744000.0,,,,656154000.0,116895000.0,2181000.0,6858000.0,,,,207635000.0,99427000.0,134015000.0,3368000.0,37543000.0,,10403000.0,,97803000.0,2747000.0,,-749133000.0,,422023000.0,20768000.0,387956000.0,100226000.0,100226000.0,,,,2600000.0,,,,,,,,18441000.0,34066000.0,,,,,18168000.0,,,2833700000.0,2448370000.0,2200136000.0,732488000.0,-483964000.0,-290000.0,114000.0,,722319000.0,446125000.0,276194000.0,38.23712237944731,240480000.0,35713000.0,4.944214398347545,2738000.0,,1582000.0,,,398000.0,66000.0,,38053000.0,649000.0,649000.0,,3093000.0,,,,35610000.0,15177000.0,42.620050547598986,20433000.0,,20433000.0,2.8288055554401863,,35610000.0,,,,,,,,,,,,,,,,,,,,,,,,,,,,,0.0,2902000000.0,164000000.0,166000000.0,124000000.0,,-2.6172269513778676,196.2587569534619,164000000.0,35713000.0,,,1.1051330226803693,1.3296887667271802,,,,0.0,33.29276953811266,0.0,0.0,0.1848066530395094,541.1060606060606,24.890385940730532,21.776219512195123,16.47822580645161,301.7615485678765,359.2165317951446,506.8614496158175,29.790986518201944,3.2348308382946445,37.711588665614045,91.98988210513055,14.051240903612284,927672000.0,115.65022986713232,36.18742393917145,0.6378921056858953,0.06926501254722406,2.69156746738898,-949144000.0,14.891478092724393,0.008481979673144822,785.6785305550113,29.068479725591082,2448485000.0,75.20556877842495,22877000.0,,,,"{'segments': [{'name': 'HouseCareBusiness', 'type': 'Segment'}, {'name': 'NotInclude', 'type': 'NotInclude'}, {'name': 'Reconcile', 'type': 'Reconcile'}, {'name': 'BuildingIntegratedManagementBusiness', 'type': 'Segment'}, {'name': 'GeneralRealEstateBusiness', 'type': 'Segment'}, {'name': 'Total', 'type': 'Total'}], 'periods': [{'name': 'CurrentYTDDuration', 'start_date': '2020-01-01', 'end_date': '2020-03-31'}, {'name': 'Prior1YTDDuration', 'start_date': '2019-01-01', 'end_date': '2019-03-31'}], 'values': [{'segment': 'HouseCareBusiness', 'period': 'CurrentYTDDuration', 'net_sales': '322753000', 'operating_income': '74153000', 'revenues_from_external_customers': '322753000', 'transactions_with_other_segments': None}, {'segment': 'NotInclude', 'period': 'Prior1YTDDuration', 'net_sales': '20000', 'operating_income': '54000', 'revenues_from_external_customers': '20000', 'transactions_with_other_segments': None}, {'segment': 'Reconcile', 'period': 'CurrentYTDDuration', 'net_sales': None, 'operating_income': '-55597000', 'revenues_from_external_customers': None, 'transactions_with_other_segments': None}, {'segment': 'Reconcile', 'period': 'Prior1YTDDuration', 'net_sales': None, 'operating_income': '-68792000', 'revenues_from_external_customers': None, 'transactions_with_other_segments': None}, {'segment': 'HouseCareBusiness', 'period': 'Prior1YTDDuration', 'net_sales': '314837000', 'operating_income': '64980000', 'revenues_from_external_customers': '314837000', 'transactions_with_other_segments': None}, {'segment': 'BuildingIntegratedManagementBusiness', 'period': 'Prior1YTDDuration', 'net_sales': '327920000', 'operating_income': '10756000', 'revenues_from_external_customers': '327920000', 'transactions_with_other_segments': None}, {'segment': 'GeneralRealEstateBusiness', 'period': 'Prior1YTDDuration', 'net_sales': '17643000', 'operating_income': '12357000', 'revenues_from_external_customers': '17643000', 'transactions_with_other_segments': None}, {'segment': 'Total', 'period': 'Prior1YTDDuration', 'net_sales': '660402000', 'operating_income': '88094000', 'revenues_from_external_customers': '660402000', 'transactions_with_other_segments': None}, {'segment': 'NotInclude', 'period': 'CurrentYTDDuration', 'net_sales': '24000', 'operating_income': '-58000', 'revenues_from_external_customers': '24000', 'transactions_with_other_segments': None}, {'segment': 'Total', 'period': 'CurrentYTDDuration', 'net_sales': '722295000', 'operating_income': '91369000', 'revenues_from_external_customers': '722295000', 'transactions_with_other_segments': None}, {'segment': 'GeneralRealEstateBusiness', 'period': 'CurrentYTDDuration', 'net_sales': '34814000', 'operating_income': '1346000', 'revenues_from_external_customers': '34814000', 'transactions_with_other_segments': None}, {'segment': 'BuildingIntegratedManagementBusiness', 'period': 'CurrentYTDDuration', 'net_sales': '364727000', 'operating_income': '15869000', 'revenues_from_external_customers': '364727000', 'transactions_with_other_segments': None}]}",,,2020.0,1.0,2020-05-14 15:19:00+00:00
