,company_name,ceo_name,headquarters_address,end_date,updated_date,edinet_updated_date,tdnet_updated_date,edinet_title,tdnet_title,accounting_standard,num_of_shares,issued_share_num,treasury_stock_num,assets,current_assets,cash_and_deposits,trade_receivables,notes_accounts_receivable,notes_receivable,accounts_receivable,current_securities,inventories,merchandise,work_in_process,raw_materials_and_supplies,prepaid_expenses,current_dta,current_allowance_doubtful_accounts,non_current_assets,tangible_fixed_assets,buildings,machineries,land,construction_in_progress,intangible_assets,good_will,investments_and_other_assets,investment_securities,non_current_dta,non_current_allowance_doubtful_accounts,lease_and_guarantee_deposits,liabilities,debt,current_liabilities,trade_payables,notes_accounts_payable,accounts_payable,notes_payable,short_term_bonds_payable,short_term_loans_payable,commercial_papers_liabilities,current_lease_obligations,current_portion_of_long_term_loans,current_portion_of_bonds,current_portion_of_convertible_bonds,current_portion_of_bonds_with_subscription_rights,advances_received,corporate_tax_payable,non_current_liabilities,bonds_payable,convertible_bonds,convertible_bond_type_bonds_with_subscription_rights,non_current_bonds_with_subscription_right,long_term_loans_payable,non_current_lease_obligations,non_current_dtl,net_assets,shareholders_equity,capital_stock,additional_capital_stock,retained_earnings,treasury_stock,valuation_and_translation_adjustments,non_controlling_interests,net_sales,cost_of_sales,gross_profit,gross_margin,sga,operating_income,operating_margin,non_operating_income,interest_and_dividends_income,interest_income,dividends_income,equity_method_income,non_operating_expenses,interest_expense,equity_method_loss,ordinary_income,extraordinary_income,gain_of_sales_non_current_assets,gain_of_sales_investment_securities,extraordinary_loss,loss_of_sales_non_current_assets,loss_of_valuation_investment_securities,impairment_loss,income_before_income_taxes,income_taxes,real_corporate_tax_rate,net_income,non_controling_interests,profit_loss_attributable_to_owners_of_parent,net_profit_margin,operating_cash_flow,income_before_taxes,depreciation,amortization,decrease_trade_receivables_op_cf,decrease_inventories_op_cf,increase_trade_payables_op_cf,investment_cash_flow,purchase_of_property,sale_of_property,purchase_of_intangible_assets,sale_of_intangible_assets,purchase_of_non_current_assets,sale_of_non_current_assets,purchase_of_securities,sale_of_securities,purchase_of_investment_securities,sale_of_investment_securities,lending,return_of_lending,financial_cash_flow,net_short_term_debt,long_term_debt_issuance,long_term_debt_repayment,bonds_issuance,bonds_repayment,share_repurchase,share_sales,dividend_payment,cash_translation_difference,free_cash_flow,ex_net_sales,ex_operating_income,ex_ordinary_income,ex_net_income,dividend,eps_actual,bps,ebitda_forecast,ebitda_actual,roe,real_roe,total_asset_turnover,financial_leverage,roa,roic,doe,net_sales_operating_cash_flow_ratio,sga_ratio,depreciation_gross_profit_ratio,r_and_d_ratio,interest_op_income_ratio,interest_coverage_ratio,net_sales_progress,operating_income_progress,net_income_progress,net_sales_growth_rate_forecast,operating_income_growth_rate_forecast,net_income_growth_rate_forecast,cash_assets_ratio,cash_monthly_sales_ratio,accounts_receivable_turnover,inventory_turnover,trade_payable_turnover,working_capital,ccc,tangible_fixed_assets_turnover,debt_assets_ratio,debt_monthly_sales_ratio,operating_cash_flow_debt_ratio,net_debt,adjusted_debt_ratio,de_ratio,current_ratio,net_debt_net_income_ratio,equity,equity_ratio,accrual,employee_num,net_sales_per_employee,operating_income_per_employee,segment_member,increase_in_properties,r_and_d_expenses,fiscal_year,fiscal_quarter,to_datetime
0,株式会社桧家ホールディングス,代表取締役社長　近藤　昭,東京都千代田区丸の内一丁目８番３号,2017-06-30T00:00:00.000Z,2017-08-09T09:45:00.000Z,2017-08-09T09:45:00.000Z,2017-08-07T15:00:00.000Z,【E00325】株式会社ヒノキヤグループ 四半期報告書－第30期第2四半期(平成29年4月1日－平成29年6月30日),【14130】株式会社ヒノキヤグループ 平成29年12月期第2四半期決算短信〔日本基準〕（連結）,Japan GAAP,13574807.0,13575000.0,193.0,60306300000.0,40602624000.0,8051149000.0,3573908000.0,3573908000.0,,,,17710358000.0,,,1045987000.0,,,-25296000.0,19703675000.0,14489894000.0,8196295000.0,,5405265000.0,,1685594000.0,1472726000.0,3528186000.0,,,-188856000.0,,42373053000.0,17807814000.0,28924971000.0,3565110000.0,3565110000.0,4542821000.0,4542821000.0,,4065000000.0,,,1784655000.0,,,,,552996000.0,13448081000.0,,,,,11958159000.0,,,17933247000.0,15610591000.0,389900000.0,,15220875000.0,-183000.0,64424000.0,2258231000.0,43367491000.0,33335219000.0,10032272000.0,23.13316211906287,8692009000.0,1340262000.0,3.0904762279192033,72998000.0,,886000.0,2927000.0,,169566000.0,29951000.0,,1243694000.0,,,,158600000.0,,,56083000.0,1085093000.0,542423000.0,49.98861848707899,542670000.0,206788000.0,335881000.0,0.7744994977920212,-2775630000.0,1085093000.0,655611000.0,83300000.0,147600000.0,-4558365000.0,-489981000.0,-1574516000.0,-1452854000.0,58303000.0,-93600000.0,,,,,,-80059000.0,,,,6267967000.0,-305000000.0,10000000000.0,-1000392000.0,,,,,-406222000.0,-2927000.0,-1229176000.0,107000000000.0,6700000000.0,6700000000.0,3700000000.0,,253.96007471782104,1154.713728158345,7438911000.0,2079173000.0,21.99333640233605,21.993079641285576,1.741239588567032,3.8472879389724386,5.716581849657498,12.06656068199731,6.928124092504914,-6.400254974400064,20.042683585268975,6.535020182865855,0.0,2.23471231744241,44.74848919902507,40.53036542056075,20.003910447761193,9.077864864864864,146.7285921613496,399.90225791673566,1001.5806193264877,13.350427733089246,0.920063693985462,12.422671945148565,79.97526454159114,16.099088192902254,17719156000.0,76.29884829383745,7.246962400139021,29.52894473711702,2.035029177903182,507.81156252922915,9756665000.0,236.27969105742739,1.1360635293769397,140.37222025218279,2.83010327316438,15675016000.0,25.99233579244623,3270111000.0,,,,"{'segments': [{'name': 'OrderHouseBusiness', 'type': 'Segment'}, {'name': 'RealEstateBusiness', 'type': 'Segment'}, {'name': 'InsulationMaterialsInstallationProject', 'type': 'Segment'}, {'name': 'RemodelingBusiness', 'type': 'Segment'}, {'name': 'NursingCareBusiness', 'type': 'Segment'}, {'name': 'Total', 'type': 'Total'}, {'name': 'NotInclude', 'type': 'NotInclude'}], 'periods': [{'name': 'Prior1YTDDuration', 'start_date': '2016-01-01', 'end_date': '2016-06-30'}, {'name': 'CurrentYTDDuration', 'start_date': '2017-01-01', 'end_date': '2017-06-30'}], 'values': [{'segment': 'OrderHouseBusiness', 'period': 'Prior1YTDDuration', 'net_sales': '20535639000', 'operating_income': '344819000', 'revenues_from_external_customers': '20513363000', 'transactions_with_other_segments': '22275000'}, {'segment': 'OrderHouseBusiness', 'period': 'CurrentYTDDuration', 'net_sales': '21720609000', 'operating_income': '198444000', 'revenues_from_external_customers': '21666366000', 'transactions_with_other_segments': '54242000'}, {'segment': 'RealEstateBusiness', 'period': 'CurrentYTDDuration', 'net_sales': '10007051000', 'operating_income': '355817000', 'revenues_from_external_customers': '9975469000', 'transactions_with_other_segments': '31581000'}, {'segment': 'RealEstateBusiness', 'period': 'Prior1YTDDuration', 'net_sales': '8562194000', 'operating_income': '356366000', 'revenues_from_external_customers': '8532510000', 'transactions_with_other_segments': '29684000'}, {'segment': 'InsulationMaterialsInstallationProject', 'period': 'Prior1YTDDuration', 'net_sales': '7063956000', 'operating_income': '540864000', 'revenues_from_external_customers': '6536292000', 'transactions_with_other_segments': '527663000'}, {'segment': 'InsulationMaterialsInstallationProject', 'period': 'CurrentYTDDuration', 'net_sales': '8383665000', 'operating_income': '594528000', 'revenues_from_external_customers': '7829457000', 'transactions_with_other_segments': '554208000'}, {'segment': 'RemodelingBusiness', 'period': 'Prior1YTDDuration', 'net_sales': '1350894000', 'operating_income': '101429000', 'revenues_from_external_customers': '1082193000', 'transactions_with_other_segments': '268700000'}, {'segment': 'RemodelingBusiness', 'period': 'CurrentYTDDuration', 'net_sales': '1591323000', 'operating_income': '131546000', 'revenues_from_external_customers': '1283781000', 'transactions_with_other_segments': '307542000'}, {'segment': 'NursingCareBusiness', 'period': 'CurrentYTDDuration', 'net_sales': '2365699000', 'operating_income': '112808000', 'revenues_from_external_customers': '2365699000', 'transactions_with_other_segments': None}, {'segment': 'NursingCareBusiness', 'period': 'Prior1YTDDuration', 'net_sales': '2200881000', 'operating_income': '84468000', 'revenues_from_external_customers': '2200881000', 'transactions_with_other_segments': None}, {'segment': 'Total', 'period': 'CurrentYTDDuration', 'net_sales': '44068348000', 'operating_income': '1393145000', 'revenues_from_external_customers': '43120773000', 'transactions_with_other_segments': '947575000'}, {'segment': 'Total', 'period': 'Prior1YTDDuration', 'net_sales': '39713567000', 'operating_income': '1427948000', 'revenues_from_external_customers': '38865242000', 'transactions_with_other_segments': '848324000'}, {'segment': 'NotInclude', 'period': 'CurrentYTDDuration', 'net_sales': '1054917000', 'operating_income': '-52976000', 'revenues_from_external_customers': '246717000', 'transactions_with_other_segments': '808200000'}, {'segment': 'NotInclude', 'period': 'Prior1YTDDuration', 'net_sales': '975364000', 'operating_income': '10623000', 'revenues_from_external_customers': '193115000', 'transactions_with_other_segments': '782248000'}]}",,,2017.0,2.0,2017-08-09 09:45:00+00:00
1,株式会社桧家ホールディングス,代表取締役社長　近藤　昭,東京都千代田区丸の内一丁目８番３号,2017-09-30T00:00:00.000Z,2017-11-10T10:14:00.000Z,2017-11-10T10:14:00.000Z,2017-11-08T15:00:00.000Z,【E00325】株式会社ヒノキヤグループ 四半期報告書－第30期第3四半期(平成29年7月1日－平成29年9月30日),【14130】株式会社ヒノキヤグループ 平成29年12月期第3四半期決算短信〔日本基準〕（連結）,Japan GAAP,12574807.0,13575000.0,1000193.0,64177146000.0,44546523000.0,8787758000.0,3821449000.0,3821449000.0,,,,17751345000.0,,,1072816000.0,,,-31306000.0,19630623000.0,14312688000.0,7978400000.0,,5410365000.0,,1655585000.0,1431076000.0,3662349000.0,,,-188648000.0,,48106529000.0,19234618000.0,35074710000.0,3871752000.0,3871752000.0,4789073000.0,4789073000.0,,5992000000.0,,,1675722000.0,,,,,166154000.0,13031818000.0,,,,,11566896000.0,,,16070616000.0,13644640000.0,389900000.0,,15234924000.0,-1980183000.0,68610000.0,2357366000.0,68158344000.0,52527173000.0,15631170000.0,22.93361176732815,13085017000.0,2546153000.0,3.7356438706902857,132349000.0,,1569000.0,2942000.0,,220318000.0,45976000.0,,2458185000.0,,,,158600000.0,,,56083000.0,2299585000.0,1032899000.0,44.91675671914715,1266685000.0,305888000.0,960797000.0,1.409654260379331,,2299585000.0,,,,,,,,,,,,,,,,,,,,,,,,,,,,,0.0,107000000000.0,6700000000.0,6700000000.0,3700000000.0,,274.1560168676943,1090.533636023201,6700000000.0,2546153000.0,25.13962044008532,21.967526162057723,1.6362166837397225,4.679936995241828,5.371786087215534,12.262480837910363,7.335858093449765,0.0,19.197967896637863,0.0,0.0,1.8057045275755228,55.380046111014444,63.69938691588785,38.002283582089554,25.967486486486486,56.98738220517798,163.142081406734,285.0969559646835,13.69297101494666,1.0042413930397134,13.28310837383504,80.16035092819983,17.483801876813253,17701042000.0,75.95965742522162,7.336687350412445,29.971133337714956,2.198080508692518,548.4986209555443,10446860000.0,266.506369053248,1.402630156964979,127.00467943997256,3.03030724948433,13713250000.0,21.367809032829225,1119397000.0,,,,"{'segments': [{'name': 'OrderHouseBusiness', 'type': 'Segment'}, {'name': 'RealEstateBusiness', 'type': 'Segment'}, {'name': 'InsulationMaterialsInstallationProject', 'type': 'Segment'}, {'name': 'RemodelingBusiness', 'type': 'Segment'}, {'name': 'NursingCareBusiness', 'type': 'Segment'}, {'name': 'Total', 'type': 'Total'}, {'name': 'NotInclude', 'type': 'NotInclude'}], 'periods': [{'name': 'Prior1YTDDuration', 'start_date': '2016-01-01', 'end_date': '2016-09-30'}, {'name': 'CurrentYTDDuration', 'start_date': '2017-01-01', 'end_date': '2017-09-30'}], 'values': [{'segment': 'OrderHouseBusiness', 'period': 'Prior1YTDDuration', 'net_sales': '32590255000', 'operating_income': '978432000', 'revenues_from_external_customers': '32556674000', 'transactions_with_other_segments': '33581000'}, {'segment': 'OrderHouseBusiness', 'period': 'CurrentYTDDuration', 'net_sales': '34042277000', 'operating_income': '728770000', 'revenues_from_external_customers': '33966047000', 'transactions_with_other_segments': '76229000'}, {'segment': 'RealEstateBusiness', 'period': 'CurrentYTDDuration', 'net_sales': '16390094000', 'operating_income': '583628000', 'revenues_from_external_customers': '16344385000', 'transactions_with_other_segments': '45708000'}, {'segment': 'RealEstateBusiness', 'period': 'Prior1YTDDuration', 'net_sales': '13744034000', 'operating_income': '531417000', 'revenues_from_external_customers': '13699592000', 'transactions_with_other_segments': '44441000'}, {'segment': 'InsulationMaterialsInstallationProject', 'period': 'Prior1YTDDuration', 'net_sales': '11029235000', 'operating_income': '943698000', 'revenues_from_external_customers': '10181312000', 'transactions_with_other_segments': '847922000'}, {'segment': 'InsulationMaterialsInstallationProject', 'period': 'CurrentYTDDuration', 'net_sales': '12989928000', 'operating_income': '982733000', 'revenues_from_external_customers': '12102800000', 'transactions_with_other_segments': '887128000'}, {'segment': 'RemodelingBusiness', 'period': 'Prior1YTDDuration', 'net_sales': '2021706000', 'operating_income': '153837000', 'revenues_from_external_customers': '1631295000', 'transactions_with_other_segments': '390411000'}, {'segment': 'RemodelingBusiness', 'period': 'CurrentYTDDuration', 'net_sales': '2354803000', 'operating_income': '188931000', 'revenues_from_external_customers': '1907182000', 'transactions_with_other_segments': '447621000'}, {'segment': 'NursingCareBusiness', 'period': 'CurrentYTDDuration', 'net_sales': '3485765000', 'operating_income': '95704000', 'revenues_from_external_customers': '3485765000', 'transactions_with_other_segments': None}, {'segment': 'NursingCareBusiness', 'period': 'Prior1YTDDuration', 'net_sales': '3286012000', 'operating_income': '117567000', 'revenues_from_external_customers': '3286012000', 'transactions_with_other_segments': None}, {'segment': 'Total', 'period': 'CurrentYTDDuration', 'net_sales': '69262869000', 'operating_income': '2579768000', 'revenues_from_external_customers': '67806181000', 'transactions_with_other_segments': '1456687000'}, {'segment': 'Total', 'period': 'Prior1YTDDuration', 'net_sales': '62671244000', 'operating_income': '2724953000', 'revenues_from_external_customers': '61354887000', 'transactions_with_other_segments': '1316356000'}, {'segment': 'NotInclude', 'period': 'CurrentYTDDuration', 'net_sales': '1564603000', 'operating_income': '-17879000', 'revenues_from_external_customers': '352163000', 'transactions_with_other_segments': '1212440000'}, {'segment': 'NotInclude', 'period': 'Prior1YTDDuration', 'net_sales': '1456927000', 'operating_income': '109589000', 'revenues_from_external_customers': '290324000', 'transactions_with_other_segments': '1166602000'}]}",,,2017.0,3.0,2017-11-10 10:14:00+00:00
2,株式会社桧家ホールディングス,代表取締役社長　近藤　昭,東京都千代田区丸の内一丁目８番３号,2017-12-31T00:00:00.000Z,2018-04-09T14:40:00.000Z,2018-04-09T14:40:00.000Z,2018-02-08T15:00:00.000Z,【E00325】株式会社ヒノキヤグループ 訂正有価証券報告書－第30期(平成29年1月1日－平成29年12月31日),【14130】株式会社ヒノキヤグループ 平成29年12月期決算短信〔日本基準〕（連結）,Japan GAAP,12574807.0,13575000.0,1000193.0,60160228000.0,40344605000.0,9773025000.0,4197374000.0,4197374000.0,,,,16216259000.0,,,1018540000.0,,337070000.0,-26226000.0,19815623000.0,14501521000.0,14411395000.0,1470862000.0,5381838000.0,373138000.0,1643015000.0,1389426000.0,3671086000.0,512498000.0,346702000.0,-211414000.0,,41470107000.0,16608685000.0,29020985000.0,10102742000.0,,4266472000.0,5836270000.0,,3868000000.0,,,1565052000.0,,,,,955782000.0,12449122000.0,,,,,11175633000.0,,,18690120000.0,16129498000.0,389900000.0,,17719782000.0,-1980183000.0,81752000.0,2478870000.0,105007717000.0,80828500000.0,24179217000.0,23.02613340312884,17892574000.0,6286642000.0,5.986838091147149,279904000.0,,2217000.0,5809000.0,,288523000.0,63237000.0,,6278023000.0,,,,158600000.0,,,56083000.0,6119423000.0,2246416000.0,36.70960481078036,3873006000.0,425546000.0,3447459000.0,3.2830529969525957,3506776000.0,6119423000.0,1355863000.0,166600000.0,-502264000.0,-3062736000.0,1504830000.0,-2302532000.0,-2162115000.0,111587000.0,-139323000.0,,,,,,-80144000.0,,,,2432534000.0,-502000000.0,10000000000.0,-2002521000.0,,,-2000000000.0,,-1016433000.0,-10000.0,5808214000.0,118000000000.0,6800000000.0,6800000000.0,3800000000.0,80.0,274.1560168676943,1289.1847962358388,8322463000.0,7809105000.0,21.26584316446912,18.95100292538801,1.745467404146141,3.711017225692035,5.730461992265056,12.310280322005513,6.205471879096307,3.339541226289112,17.039294359670727,5.6075554473083224,0.0,1.0058947209018743,99.41398232047693,88.9895906779661,92.45061764705882,90.72260526315789,12.372693523086497,8.165853885110685,10.226111463544596,16.244993286927038,1.1168350607984363,14.589799243040394,73.22831099179126,45.62129484031004,10310891000.0,42.19681539452161,7.241151945371799,27.60741697986916,1.8979959349082887,473.6169347571673,6835660000.0,200.62650750692913,1.0245159996915723,139.01873075638198,1.9828111081234034,16211250000.0,26.946789496874914,99283000.0,2636.0,39836007.96661609,2384917.2989377845,"{'segments': [{'name': 'OrderHouseBusinesss', 'type': 'Segment'}, {'name': 'RealEstateBusiness', 'type': 'Segment'}, {'name': 'InsulationMaterialsInstallationProject', 'type': 'Segment'}, {'name': 'RemodelingBusiness', 'type': 'Segment'}, {'name': 'NursingCareBusiness', 'type': 'Segment'}, {'name': 'Total', 'type': 'Total'}, {'name': 'NotInclude', 'type': 'NotInclude'}], 'periods': [{'name': 'Prior1YearDuration', 'start_date': '2016-01-01', 'end_date': '2016-12-31'}, {'name': 'CurrentYearDuration', 'start_date': '2017-01-01', 'end_date': '2017-12-31'}, {'name': 'Prior1YearInstant', 'instant': '2016-12-31'}, {'name': 'CurrentYearInstant', 'instant': '2017-12-31'}], 'values': [{'segment': 'OrderHouseBusinesss', 'period': 'Prior1YearDuration', 'net_sales': '51919507000', 'operating_income': '3341381000', 'revenues_from_external_customers': '51870516000', 'transactions_with_other_segments': '48991000'}, {'segment': 'OrderHouseBusinesss', 'period': 'CurrentYearDuration', 'net_sales': '55408677000', 'operating_income': '3447182000', 'revenues_from_external_customers': '55308646000', 'transactions_with_other_segments': '100031000'}, {'segment': 'RealEstateBusiness', 'period': 'Prior1YearDuration', 'net_sales': '19655141000', 'operating_income': '947131000', 'revenues_from_external_customers': '19595919000', 'transactions_with_other_segments': '59222000'}, {'segment': 'RealEstateBusiness', 'period': 'CurrentYearDuration', 'net_sales': '25001941000', 'operating_income': '1239926000', 'revenues_from_external_customers': '24941158000', 'transactions_with_other_segments': '60782000'}, {'segment': 'InsulationMaterialsInstallationProject', 'period': 'Prior1YearDuration', 'net_sales': '15608255000', 'operating_income': '1348753000', 'revenues_from_external_customers': '14389619000', 'transactions_with_other_segments': '1218635000'}, {'segment': 'InsulationMaterialsInstallationProject', 'period': 'CurrentYearDuration', 'net_sales': '18052875000', 'operating_income': '1258189000', 'revenues_from_external_customers': '16831474000', 'transactions_with_other_segments': '1221400000'}, {'segment': 'RemodelingBusiness', 'period': 'Prior1YearDuration', 'net_sales': '2946519000', 'operating_income': '218928000', 'revenues_from_external_customers': '2425179000', 'transactions_with_other_segments': '521340000'}, {'segment': 'RemodelingBusiness', 'period': 'CurrentYearDuration', 'net_sales': '3316230000', 'operating_income': '248495000', 'revenues_from_external_customers': '2690495000', 'transactions_with_other_segments': '625735000'}, {'segment': 'NursingCareBusiness', 'period': 'CurrentYearDuration', 'net_sales': '4704632000', 'operating_income': '102359000', 'revenues_from_external_customers': '4704632000', 'transactions_with_other_segments': None}, {'segment': 'NursingCareBusiness', 'period': 'Prior1YearDuration', 'net_sales': '4387367000', 'operating_income': '117547000', 'revenues_from_external_customers': '4387367000', 'transactions_with_other_segments': None}, {'segment': 'Total', 'period': 'CurrentYearDuration', 'net_sales': '106484358000', 'operating_income': '6296154000', 'revenues_from_external_customers': '104476408000', 'transactions_with_other_segments': '2007950000'}, {'segment': 'Total', 'period': 'Prior1YearDuration', 'net_sales': '94516791000', 'operating_income': '5973742000', 'revenues_from_external_customers': '92668602000', 'transactions_with_other_segments': '1848188000'}, {'segment': 'NotInclude', 'period': 'CurrentYearDuration', 'net_sales': '2147849000', 'operating_income': '17035000', 'revenues_from_external_customers': '531309000', 'transactions_with_other_segments': '1616540000'}, {'segment': 'NotInclude', 'period': 'Prior1YearDuration', 'net_sales': '2026355000', 'operating_income': '120016000', 'revenues_from_external_customers': '470038000', 'transactions_with_other_segments': '1556316000'}]}",,,2017.0,4.0,2018-04-09 14:40:00+00:00
3,株式会社ヒノキヤグループ（旧会社名　株式会社桧家ホールディングス）,代表取締役社長　近藤　昭,東京都千代田区丸の内一丁目８番３号,2018-03-31T00:00:00.000Z,2018-05-10T09:16:00.000Z,2018-05-10T09:16:00.000Z,2018-05-09T15:00:00.000Z,【E00325】株式会社ヒノキヤグループ 四半期報告書－第31期第1四半期(平成30年1月1日－平成30年3月31日),【14130】株式会社ヒノキヤグループ 平成30年12月期第１四半期決算短信〔日本基準〕(連結),Japan GAAP,12574807.0,13575000.0,1000193.0,62193279000.0,42041431000.0,10387458000.0,3933609000.0,3933609000.0,,,,16115751000.0,,,1221112000.0,,,-23642000.0,20151848000.0,14720873000.0,7878639000.0,,5381838000.0,,1630562000.0,1347776000.0,3800411000.0,,,-211168000.0,,44428201000.0,18927422000.0,32358561000.0,4185920000.0,4185920000.0,4392921000.0,4392921000.0,,6578000000.0,,,1539852000.0,,,,,59492000.0,12069640000.0,,,,,10809570000.0,,,17765078000.0,15196455000.0,389900000.0,,16786739000.0,-1980183000.0,63899000.0,2504723000.0,20834497000.0,16790191000.0,4044305000.0,19.411579746801664,4805549000.0,-761243000.0,,97138000.0,,1066000.0,,,110847000.0,16385000.0,,-774952000.0,,,,,,,,-774952000.0,-115007000.0,14.840532058759768,-659944000.0,-29511000.0,-630432000.0,,,-774952000.0,,,,,,,,,,,,,,,,,,,,,,,,,,,,,0.0,118000000000.0,6800000000.0,6800000000.0,3800000000.0,,183.16416307622058,1213.5657429970893,6800000000.0,,15.093056485252147,13.35952509138636,1.7728545877119617,4.07548048521807,3.7033808749656054,7.6925680192660675,7.416161878278717,0.0,23.065346861985677,0.0,0.0,-2.152400744571707,-46.45974977113213,17.656353389830507,-11.19475,-16.590315789473685,466.3683649286085,-993.2758659192925,-702.7612811532409,16.701897965534187,1.1305088244438308,13.02169393079825,68.03572113873325,17.67166083845837,15863440000.0,63.385754231073136,7.490020462780977,30.43322735885979,2.059947447678951,412.1005096111096,8539964000.0,225.00690672055435,1.2403002420323774,129.92367305826733,3.707782120426145,15260355000.0,24.536984132963948,-630432000.0,,,,"{'segments': [{'name': 'CustomHomeBuilding', 'type': 'Segment'}, {'name': 'RealEstate', 'type': 'Segment'}, {'name': 'HeatInsulator', 'type': 'Segment'}, {'name': 'RemodelingBusiness', 'type': 'Segment'}, {'name': 'NursingCareBusiness', 'type': 'Segment'}, {'name': 'Total', 'type': 'Total'}, {'name': 'NotInclude', 'type': 'NotInclude'}], 'periods': [{'name': 'CurrentYTDDuration', 'start_date': '2018-01-01', 'end_date': '2018-03-31'}, {'name': 'Prior1YTDDuration', 'start_date': '2017-01-01', 'end_date': '2017-03-31'}], 'values': [{'segment': 'CustomHomeBuilding', 'period': 'CurrentYTDDuration', 'net_sales': '9633197000', 'operating_income': '-257943000', 'revenues_from_external_customers': '9615433000', 'transactions_with_other_segments': '17763000'}, {'segment': 'CustomHomeBuilding', 'period': 'Prior1YTDDuration', 'net_sales': '10613598000', 'operating_income': '374019000', 'revenues_from_external_customers': '10593189000', 'transactions_with_other_segments': '20409000'}, {'segment': 'RealEstate', 'period': 'CurrentYTDDuration', 'net_sales': '5801310000', 'operating_income': '162397000', 'revenues_from_external_customers': '5408608000', 'transactions_with_other_segments': '392701000'}, {'segment': 'RealEstate', 'period': 'Prior1YTDDuration', 'net_sales': '4863333000', 'operating_income': '235026000', 'revenues_from_external_customers': '4848553000', 'transactions_with_other_segments': '14780000'}, {'segment': 'HeatInsulator', 'period': 'Prior1YTDDuration', 'net_sales': '4029192000', 'operating_income': '300610000', 'revenues_from_external_customers': '3762378000', 'transactions_with_other_segments': '266813000'}, {'segment': 'HeatInsulator', 'period': 'CurrentYTDDuration', 'net_sales': '4139650000', 'operating_income': '-72191000', 'revenues_from_external_customers': '3883139000', 'transactions_with_other_segments': '256510000'}, {'segment': 'RemodelingBusiness', 'period': 'Prior1YTDDuration', 'net_sales': '704581000', 'operating_income': '66696000', 'revenues_from_external_customers': '561730000', 'transactions_with_other_segments': '142850000'}, {'segment': 'RemodelingBusiness', 'period': 'CurrentYTDDuration', 'net_sales': '737077000', 'operating_income': '51066000', 'revenues_from_external_customers': '584327000', 'transactions_with_other_segments': '152750000'}, {'segment': 'NursingCareBusiness', 'period': 'CurrentYTDDuration', 'net_sales': '1232898000', 'operating_income': '-9901000', 'revenues_from_external_customers': '1232898000', 'transactions_with_other_segments': None}, {'segment': 'NursingCareBusiness', 'period': 'Prior1YTDDuration', 'net_sales': '1208249000', 'operating_income': '89930000', 'revenues_from_external_customers': '1208249000', 'transactions_with_other_segments': None}, {'segment': 'Total', 'period': 'CurrentYTDDuration', 'net_sales': '21544132000', 'operating_income': '-126572000', 'revenues_from_external_customers': '20724407000', 'transactions_with_other_segments': '819725000'}, {'segment': 'Total', 'period': 'Prior1YTDDuration', 'net_sales': '21418955000', 'operating_income': '1066284000', 'revenues_from_external_customers': '20974101000', 'transactions_with_other_segments': '444854000'}, {'segment': 'NotInclude', 'period': 'CurrentYTDDuration', 'net_sales': '110089000', 'operating_income': '37762000', 'revenues_from_external_customers': '110089000', 'transactions_with_other_segments': None}, {'segment': 'NotInclude', 'period': 'Prior1YTDDuration', 'net_sales': '114537000', 'operating_income': '35055000', 'revenues_from_external_customers': '107995000', 'transactions_with_other_segments': '6541000'}]}",,,2018.0,1.0,2018-05-10 09:16:00+00:00
4,株式会社ヒノキヤグループ（旧会社名　株式会社桧家ホールディングス）,代表取締役社長　近藤　昭,東京都千代田区丸の内一丁目８番３号,2018-06-30T00:00:00.000Z,2018-08-10T14:42:00.000Z,2018-08-10T14:42:00.000Z,2018-08-07T15:00:00.000Z,【E00325】株式会社ヒノキヤグループ 四半期報告書－第31期第2四半期(平成30年4月1日－平成30年6月30日),【14130】株式会社ヒノキヤグループ 平成30年12月期第2四半期決算短信〔日本基準〕（連結）,Japan GAAP,12578371.0,13575000.0,996629.0,63543838000.0,44442625000.0,9388028000.0,4316712000.0,4316712000.0,,,,18148360000.0,,,1376984000.0,,,-45168000.0,19101213000.0,13712661000.0,7707854000.0,,5169265000.0,,1814018000.0,1547080000.0,3574533000.0,,,-212833000.0,,45495556000.0,18886634000.0,32711642000.0,4399236000.0,4399236000.0,4778039000.0,4778039000.0,,5928475000.0,,,1466052000.0,,,,,192846000.0,12783913000.0,,,,,11492107000.0,,,18048282000.0,15465399000.0,389900000.0,,17048824000.0,-1973324000.0,61159000.0,2521723000.0,46143439000.0,36701318000.0,9442121000.0,20.46254289802717,9695127000.0,-253006000.0,,514210000.0,,2635000.0,2938000.0,,534603000.0,39690000.0,,-273399000.0,49755000.0,49755000.0,,,,,,-223644000.0,162387000.0,-72.60959381874765,-386032000.0,-12651000.0,-373380000.0,,-872790000.0,-223644000.0,629486000.0,106067000.0,3161000.0,-768612000.0,-1230565000.0,-578433000.0,-1354474000.0,1006550000.0,-42431000.0,,,,,,,,,,1069448000.0,1380750000.0,1000000000.0,-1124406000.0,,,,,-441633000.0,-3221000.0,524115000.0,118000000000.0,6030000000.0,6050000000.0,3510000000.0,,183.11226469627903,1234.3855178067176,6765553000.0,,14.834284917862353,13.16153942286357,1.735174384650798,4.09258986488893,3.624669318840955,7.642179555962738,7.291077115025938,-1.8914715047571553,21.010846200691716,6.666785990139291,0.0,-15.687375002964357,-6.374552784076593,39.1046093220339,-4.195787728026534,-10.637606837606837,155.7243295195228,-2483.342687525197,-1040.061063795597,14.774096585100823,1.0217368386111183,14.289905898477448,76.61676828373317,18.572215078247133,18065836000.0,72.33445910396347,8.0407179904761,29.722211617120138,2.0555083256212336,411.2124459547903,9498606000.0,227.2323009452888,1.2164082202630988,135.86179807176904,4.123994140463883,15526559000.0,24.434405425747183,449655000.0,,,,"{'segments': [{'name': 'OrderHouseBusiness', 'type': 'Segment'}, {'name': 'RealEstateBusiness', 'type': 'Segment'}, {'name': 'InsulationMaterialsInstallationProject', 'type': 'Segment'}, {'name': 'RemodelingBusiness', 'type': 'Segment'}, {'name': 'NursingCareBusiness', 'type': 'Segment'}, {'name': 'Total', 'type': 'Total'}, {'name': 'NotInclude', 'type': 'NotInclude'}], 'periods': [{'name': 'CurrentYTDDuration', 'start_date': '2018-01-01', 'end_date': '2018-06-30'}, {'name': 'Prior1YTDDuration', 'start_date': '2017-01-01', 'end_date': '2017-06-30'}], 'values': [{'segment': 'OrderHouseBusiness', 'period': 'CurrentYTDDuration', 'net_sales': '23092277000', 'operating_income': '373098000', 'revenues_from_external_customers': '23049149000', 'transactions_with_other_segments': '43127000'}, {'segment': 'OrderHouseBusiness', 'period': 'Prior1YTDDuration', 'net_sales': '21720609000', 'operating_income': '906744000', 'revenues_from_external_customers': '21666366000', 'transactions_with_other_segments': '54242000'}, {'segment': 'RealEstateBusiness', 'period': 'Prior1YTDDuration', 'net_sales': '10007051000', 'operating_income': '426617000', 'revenues_from_external_customers': '9975469000', 'transactions_with_other_segments': '31581000'}, {'segment': 'RealEstateBusiness', 'period': 'CurrentYTDDuration', 'net_sales': '11126797000', 'operating_income': '355368000', 'revenues_from_external_customers': '10628406000', 'transactions_with_other_segments': '498390000'}, {'segment': 'InsulationMaterialsInstallationProject', 'period': 'Prior1YTDDuration', 'net_sales': '8383665000', 'operating_income': '594528000', 'revenues_from_external_customers': '7829457000', 'transactions_with_other_segments': '554208000'}, {'segment': 'InsulationMaterialsInstallationProject', 'period': 'CurrentYTDDuration', 'net_sales': '8844022000', 'operating_income': '15149000', 'revenues_from_external_customers': '8293997000', 'transactions_with_other_segments': '550024000'}, {'segment': 'RemodelingBusiness', 'period': 'Prior1YTDDuration', 'net_sales': '1591323000', 'operating_income': '160646000', 'revenues_from_external_customers': '1283781000', 'transactions_with_other_segments': '307542000'}, {'segment': 'RemodelingBusiness', 'period': 'CurrentYTDDuration', 'net_sales': '1667104000', 'operating_income': '149734000', 'revenues_from_external_customers': '1347083000', 'transactions_with_other_segments': '320020000'}, {'segment': 'NursingCareBusiness', 'period': 'CurrentYTDDuration', 'net_sales': '2609115000', 'operating_income': '-83881000', 'revenues_from_external_customers': '2609115000', 'transactions_with_other_segments': None}, {'segment': 'NursingCareBusiness', 'period': 'Prior1YTDDuration', 'net_sales': '2365699000', 'operating_income': '112808000', 'revenues_from_external_customers': '2365699000', 'transactions_with_other_segments': None}, {'segment': 'Total', 'period': 'CurrentYTDDuration', 'net_sales': '47339317000', 'operating_income': '809469000', 'revenues_from_external_customers': '45927753000', 'transactions_with_other_segments': '1411563000'}, {'segment': 'Total', 'period': 'Prior1YTDDuration', 'net_sales': '44068348000', 'operating_income': '2201345000', 'revenues_from_external_customers': '43120773000', 'transactions_with_other_segments': '947575000'}, {'segment': 'NotInclude', 'period': 'Prior1YTDDuration', 'net_sales': '246717000', 'operating_income': '65076000', 'revenues_from_external_customers': '246717000', 'transactions_with_other_segments': None}, {'segment': 'NotInclude', 'period': 'CurrentYTDDuration', 'net_sales': '232593000', 'operating_income': '68551000', 'revenues_from_external_customers': '215685000', 'transactions_with_other_segments': '16907000'}]}",,,2018.0,2.0,2018-08-10 14:42:00+00:00
5,株式会社ヒノキヤグループ（旧会社名　株式会社桧家ホールディングス）,代表取締役社長　近藤　昭,東京都千代田区丸の内一丁目８番３号,2018-09-30T00:00:00.000Z,2018-11-09T14:02:00.000Z,2018-11-09T14:02:00.000Z,2018-11-08T15:00:00.000Z,【E00325】株式会社ヒノキヤグループ 四半期報告書－第31期第3四半期(平成30年7月1日－平成30年9月30日),【14130】株式会社ヒノキヤグループ 平成30年12月期第3四半期決算短信〔日本基準〕（連結）,Japan GAAP,12578371.0,13575000.0,996629.0,67938167000.0,49070500000.0,8023158000.0,4160678000.0,4160678000.0,,,,20581368000.0,,,1397799000.0,,,-22311000.0,18867667000.0,13801579000.0,7618195000.0,,5163690000.0,,1748047000.0,1483525000.0,3318040000.0,,,-224155000.0,,50212931000.0,18060121000.0,37752379000.0,4010866000.0,4010866000.0,5372689000.0,5372689000.0,,5577225000.0,,,1392252000.0,,,,,2310000.0,12460551000.0,,,,,11090644000.0,,,17725236000.0,15109491000.0,389900000.0,,16692916000.0,-1973324000.0,61668000.0,2554077000.0,71299385000.0,56548189000.0,14751195000.0,20.689091497773788,14409093000.0,342102000.0,0.4798105902315988,544846000.0,,4701000.0,3012000.0,,573236000.0,59864000.0,,313712000.0,52638000.0,52638000.0,,88943000.0,,,64087000.0,277406000.0,420898000.0,151.72635054757288,-143491000.0,19770000.0,-163261000.0,,,277406000.0,,,,,,,,,,,,,,,,,,,,,,,,,,,,,0.0,112000000000.0,4550000000.0,4500000000.0,2500000000.0,,183.11226469627903,1206.130666681719,4550000000.0,342102000.0,15.181793296082388,13.434374194894065,1.6229410487333285,4.478113175137114,3.3902209931569094,7.9139834517358345,7.461878093822627,0.0,20.20928090754219,0.0,0.0,17.498874604650076,5.714653213951624,63.660165178571425,7.518725274725274,-6.53044,57.08410388112044,1230.0126862748536,-1631.290387783978,11.80950024748239,0.8731925480620106,13.77337591524877,86.88817628800844,16.932636940147965,20731180000.0,83.72891526310923,7.988914891549728,26.583173785068414,1.9655555922366514,393.21705130990915,10036963000.0,254.90660738652977,1.190424607638744,129.97988815486303,4.357731713480146,15171159000.0,22.33083356517405,-126956000.0,,,,"{'segments': [{'name': 'OrderHouseBusiness', 'type': 'Segment'}, {'name': 'RealEstateBusiness', 'type': 'Segment'}, {'name': 'InsulationMaterialsInstallationProject', 'type': 'Segment'}, {'name': 'RemodelingBusiness', 'type': 'Segment'}, {'name': 'NursingCareBusiness', 'type': 'Segment'}, {'name': 'Total', 'type': 'Total'}, {'name': 'NotInclude', 'type': 'NotInclude'}], 'periods': [{'name': 'CurrentYTDDuration', 'start_date': '2018-01-01', 'end_date': '2018-09-30'}, {'name': 'Prior1YTDDuration', 'start_date': '2017-01-01', 'end_date': '2017-09-30'}], 'values': [{'segment': 'OrderHouseBusiness', 'period': 'CurrentYTDDuration', 'net_sales': '37061451000', 'operating_income': '1194271000', 'revenues_from_external_customers': '36997317000', 'transactions_with_other_segments': '64133000'}, {'segment': 'OrderHouseBusiness', 'period': 'Prior1YTDDuration', 'net_sales': '34042277000', 'operating_income': '1791220000', 'revenues_from_external_customers': '33966047000', 'transactions_with_other_segments': '76229000'}, {'segment': 'RealEstateBusiness', 'period': 'Prior1YTDDuration', 'net_sales': '16390094000', 'operating_income': '689828000', 'revenues_from_external_customers': '16344385000', 'transactions_with_other_segments': '45708000'}, {'segment': 'RealEstateBusiness', 'period': 'CurrentYTDDuration', 'net_sales': '16062890000', 'operating_income': '405474000', 'revenues_from_external_customers': '15500546000', 'transactions_with_other_segments': '562343000'}, {'segment': 'InsulationMaterialsInstallationProject', 'period': 'CurrentYTDDuration', 'net_sales': '13542015000', 'operating_income': '151414000', 'revenues_from_external_customers': '12654143000', 'transactions_with_other_segments': '887872000'}, {'segment': 'InsulationMaterialsInstallationProject', 'period': 'Prior1YTDDuration', 'net_sales': '12989928000', 'operating_income': '982733000', 'revenues_from_external_customers': '12102800000', 'transactions_with_other_segments': '887128000'}, {'segment': 'RemodelingBusiness', 'period': 'CurrentYTDDuration', 'net_sales': '2433061000', 'operating_income': '208291000', 'revenues_from_external_customers': '1954420000', 'transactions_with_other_segments': '478641000'}, {'segment': 'RemodelingBusiness', 'period': 'Prior1YTDDuration', 'net_sales': '2354803000', 'operating_income': '232581000', 'revenues_from_external_customers': '1907182000', 'transactions_with_other_segments': '447621000'}, {'segment': 'NursingCareBusiness', 'period': 'Prior1YTDDuration', 'net_sales': '3485765000', 'operating_income': '95704000', 'revenues_from_external_customers': '3485765000', 'transactions_with_other_segments': None}, {'segment': 'NursingCareBusiness', 'period': 'CurrentYTDDuration', 'net_sales': '3898740000', 'operating_income': '-134159000', 'revenues_from_external_customers': '3898740000', 'transactions_with_other_segments': None}, {'segment': 'Total', 'period': 'Prior1YTDDuration', 'net_sales': '69262869000', 'operating_income': '3792068000', 'revenues_from_external_customers': '67806181000', 'transactions_with_other_segments': '1456687000'}, {'segment': 'Total', 'period': 'CurrentYTDDuration', 'net_sales': '72998159000', 'operating_income': '1825292000', 'revenues_from_external_customers': '71005168000', 'transactions_with_other_segments': '1992990000'}, {'segment': 'NotInclude', 'period': 'CurrentYTDDuration', 'net_sales': '314330000', 'operating_income': '103255000', 'revenues_from_external_customers': '294216000', 'transactions_with_other_segments': '20114000'}, {'segment': 'NotInclude', 'period': 'Prior1YTDDuration', 'net_sales': '352303000', 'operating_income': '110801000', 'revenues_from_external_customers': '352163000', 'transactions_with_other_segments': '140000'}]}",,,2018.0,3.0,2018-11-09 14:02:00+00:00
6,株式会社ヒノキヤグループ（旧会社名　株式会社桧家ホールディングス）,代表取締役社長　近藤　昭,東京都千代田区丸の内一丁目８番３号,2018-12-31T00:00:00.000Z,2019-04-16T15:13:00.000Z,2019-04-16T15:13:00.000Z,2019-02-08T15:00:00.000Z,【E00325】株式会社ヒノキヤグループ 訂正有価証券報告書－第31期(平成30年1月1日－平成30年12月31日),【14130】株式会社ヒノキヤグループ 2018年12月期決算短信〔日本基準〕（連結）,Japan GAAP,12578371.0,13575000.0,996629.0,64288845000.0,46001182000.0,9672863000.0,5154731000.0,5154731000.0,,,,19208797000.0,,,1388218000.0,,325557000.0,-22667000.0,18287663000.0,12865260000.0,12995709000.0,1334867000.0,4719470000.0,608574000.0,1674103000.0,1419970000.0,3748299000.0,479500000.0,656282000.0,-222558000.0,,43905645000.0,14447633000.0,32053842000.0,11967978000.0,,5195467000.0,6772511000.0,,2440000000.0,,,1374833000.0,,,,,860856000.0,11851802000.0,,,,,10632800000.0,,,20383200000.0,17573302000.0,389900000.0,139510000.0,19016892000.0,-1972999000.0,34341000.0,2775556000.0,110259640000.0,86458246000.0,23801394000.0,21.58667849813404,19398336000.0,4403057000.0,3.9933533249337656,589143000.0,,6805000.0,6045000.0,,606026000.0,76450000.0,,4386174000.0,53303000.0,53303000.0,,136448000.0,,,48674000.0,4303030000.0,1773139000.0,41.20675431033481,2529890000.0,226636000.0,2303254000.0,2.0889366226844204,4592914000.0,4303030000.0,1287441000.0,233177000.0,-997829000.0,-1817815000.0,1560136000.0,-777261000.0,-2238348000.0,2082794000.0,-58947000.0,,,,,,-30708000.0,,,,-3915943000.0,-2107725000.0,1000000000.0,-2074932000.0,,,-141000.0,,-1008445000.0,128000.0,6890209000.0,120000000000.0,6500000000.0,6400000000.0,3300000000.0,90.0,183.11226469627903,1399.835002481641,8020618000.0,5923675000.0,13.08098914312443,11.762912995247397,1.7145036676830103,3.6511895061031447,3.581489501149799,8.204321553671178,6.4293291595400275,4.165544164664423,17.5933242662501,5.409099147722188,0.0,1.7362936705111927,57.59394375408764,91.88303333333333,67.73933846153847,69.79557575757576,8.83402122481083,47.62470710690323,43.27555710312454,15.04594304035171,1.0527365770466872,17.064057301474953,81.09360563479393,50.525105147286936,12395550000.0,47.63255778898194,8.570339037065711,22.473001342612392,1.5723939965702771,314.56354288366816,4774770000.0,196.39136778125834,0.8205318667278825,143.51222546114752,2.073054035725109,17607644000.0,27.38833463254784,-2206515000.0,2975.0,37062063.86554622,1480019.1596638656,"{'segments': [{'name': 'OrderHouseBusinesss', 'type': 'Segment'}, {'name': 'RealEstateBusiness', 'type': 'Segment'}, {'name': 'InsulationMaterialsInstallationProject', 'type': 'Segment'}, {'name': 'RemodelingBusiness', 'type': 'Segment'}, {'name': 'NursingCareBusiness', 'type': 'Segment'}, {'name': 'Total', 'type': 'Total'}, {'name': 'NotInclude', 'type': 'NotInclude'}], 'periods': [{'name': 'CurrentYearDuration', 'start_date': '2018-01-01', 'end_date': '2018-12-31'}, {'name': 'Prior1YearDuration', 'start_date': '2017-01-01', 'end_date': '2017-12-31'}, {'name': 'Prior1YearInstant', 'instant': '2017-12-31'}, {'name': 'CurrentYearInstant', 'instant': '2018-12-31'}], 'values': [{'segment': 'OrderHouseBusinesss', 'period': 'CurrentYearDuration', 'net_sales': '61037360000', 'operating_income': '4487692000', 'revenues_from_external_customers': '60953239000', 'transactions_with_other_segments': '84121000'}, {'segment': 'OrderHouseBusinesss', 'period': 'Prior1YearDuration', 'net_sales': '55408677000', 'operating_income': '4863782000', 'revenues_from_external_customers': '55308646000', 'transactions_with_other_segments': '100031000'}, {'segment': 'RealEstateBusiness', 'period': 'CurrentYearDuration', 'net_sales': '23299910000', 'operating_income': '792081000', 'revenues_from_external_customers': '22671241000', 'transactions_with_other_segments': '628668000'}, {'segment': 'RealEstateBusiness', 'period': 'Prior1YearDuration', 'net_sales': '25001941000', 'operating_income': '1381526000', 'revenues_from_external_customers': '24941158000', 'transactions_with_other_segments': '60782000'}, {'segment': 'InsulationMaterialsInstallationProject', 'period': 'Prior1YearDuration', 'net_sales': '18052875000', 'operating_income': '1258189000', 'revenues_from_external_customers': '16831474000', 'transactions_with_other_segments': '1221400000'}, {'segment': 'InsulationMaterialsInstallationProject', 'period': 'CurrentYearDuration', 'net_sales': '19417166000', 'operating_income': '709354000', 'revenues_from_external_customers': '18121925000', 'transactions_with_other_segments': '1295241000'}, {'segment': 'RemodelingBusiness', 'period': 'Prior1YearDuration', 'net_sales': '3316230000', 'operating_income': '306695000', 'revenues_from_external_customers': '2690495000', 'transactions_with_other_segments': '625735000'}, {'segment': 'RemodelingBusiness', 'period': 'CurrentYearDuration', 'net_sales': '3509592000', 'operating_income': '331597000', 'revenues_from_external_customers': '2858892000', 'transactions_with_other_segments': '650700000'}, {'segment': 'NursingCareBusiness', 'period': 'CurrentYearDuration', 'net_sales': '5185091000', 'operating_income': '-31410000', 'revenues_from_external_customers': '5185091000', 'transactions_with_other_segments': None}, {'segment': 'NursingCareBusiness', 'period': 'Prior1YearDuration', 'net_sales': '4704632000', 'operating_income': '102359000', 'revenues_from_external_customers': '4704632000', 'transactions_with_other_segments': None}, {'segment': 'Total', 'period': 'Prior1YearDuration', 'net_sales': '106484358000', 'operating_income': '7912554000', 'revenues_from_external_customers': '104476408000', 'transactions_with_other_segments': '2007950000'}, {'segment': 'Total', 'period': 'CurrentYearDuration', 'net_sales': '112449122000', 'operating_income': '6289314000', 'revenues_from_external_customers': '109790390000', 'transactions_with_other_segments': '2658732000'}, {'segment': 'NotInclude', 'period': 'Prior1YearDuration', 'net_sales': '531449000', 'operating_income': '167236000', 'revenues_from_external_customers': '531309000', 'transactions_with_other_segments': '140000'}, {'segment': 'NotInclude', 'period': 'CurrentYearDuration', 'net_sales': '493728000', 'operating_income': '163479000', 'revenues_from_external_customers': '469250000', 'transactions_with_other_segments': '24478000'}]}",,,2018.0,4.0,2019-04-16 15:13:00+00:00
7,株式会社ヒノキヤグループ,代表取締役社長　近藤　昭,東京都千代田区丸の内一丁目８番３号,2019-03-31T00:00:00.000Z,2019-05-13T11:08:00.000Z,2019-05-13T11:08:00.000Z,2019-05-10T15:00:00.000Z,【E00325】株式会社ヒノキヤグループ 四半期報告書－第32期第1四半期(平成31年1月1日－平成31年3月31日),【14130】株式会社ヒノキヤグループ 2019年12月期第1四半期決算短信〔日本基準〕（連結） ,Japan GAAP,12578371.0,13575000.0,996629.0,67377695000.0,49041921000.0,9455086000.0,4603640000.0,4603640000.0,,,,21745021000.0,,,1870431000.0,,,-20253000.0,18335773000.0,12892604000.0,6920941000.0,,4711874000.0,,1615561000.0,1356415000.0,3827608000.0,,,-225317000.0,,47241536000.0,18302570000.0,35532104000.0,4319340000.0,4319340000.0,5746521000.0,5746521000.0,,6745000000.0,,,1058570000.0,,,,,206852000.0,11709431000.0,,,,,10499000000.0,,,20136159000.0,16953822000.0,389900000.0,139510000.0,18397411000.0,-1972999000.0,3123000.0,3179213000.0,24245665000.0,18965198000.0,5280467000.0,21.779014929060516,5095998000.0,184468000.0,0.7608287914561221,30476000.0,,2232000.0,,,51885000.0,15674000.0,9562000.0,163059000.0,82892000.0,82892000.0,,,,,,245952000.0,182938000.0,74.37955373406193,63013000.0,116467000.0,-53453000.0,,,245952000.0,,,,,,,,,,,,,,,,,,,,,,,,,,,,,0.0,120000000000.0,6500000000.0,6400000000.0,3300000000.0,,187.637492963119,1348.1035024328667,6500000000.0,184468000.0,13.918626620619069,12.467939024651155,1.7466812273705712,3.9734569538642157,3.502901071341191,11.212743249226676,6.676045261923933,0.0,21.018182013155755,0.0,0.0,8.496866665221068,11.769044277146868,20.204720833333333,2.8379692307692306,-1.6197878787878788,394.9338366260525,3423.646377691524,-6273.647877574692,14.032961501577043,0.9640885547984318,14.277902668472752,87.21813167265027,17.32464479381028,22029321000.0,84.17138954731274,9.128284324873393,27.164137924278947,1.8662229259889476,425.1579658188473,8847484000.0,213.67406212393976,1.0793553273095284,138.02143830266849,3.74865751423412,16956946000.0,25.167002225291323,-136345000.0,,,,"{'segments': [{'name': 'CustomHomeBuilding', 'type': 'Segment'}, {'name': 'RealEstate', 'type': 'Segment'}, {'name': 'HeatInsulator', 'type': 'Segment'}, {'name': 'RemodelingBusiness', 'type': 'Segment'}, {'name': 'NursingCareBusiness', 'type': 'Segment'}, {'name': 'Total', 'type': 'Total'}, {'name': 'NotInclude', 'type': 'NotInclude'}], 'periods': [{'name': 'CurrentYTDDuration', 'start_date': '2019-01-01', 'end_date': '2019-03-31'}, {'name': 'Prior1YTDDuration', 'start_date': '2018-01-01', 'end_date': '2018-03-31'}], 'values': [{'segment': 'CustomHomeBuilding', 'period': 'CurrentYTDDuration', 'net_sales': '12734060000', 'operating_income': '327874000', 'revenues_from_external_customers': '12711852000', 'transactions_with_other_segments': '22207000'}, {'segment': 'CustomHomeBuilding', 'period': 'Prior1YTDDuration', 'net_sales': '9633197000', 'operating_income': '-257943000', 'revenues_from_external_customers': '9615433000', 'transactions_with_other_segments': '17763000'}, {'segment': 'RealEstate', 'period': 'CurrentYTDDuration', 'net_sales': '5080520000', 'operating_income': '-20891000', 'revenues_from_external_customers': '5010865000', 'transactions_with_other_segments': '69654000'}, {'segment': 'RealEstate', 'period': 'Prior1YTDDuration', 'net_sales': '5801310000', 'operating_income': '162397000', 'revenues_from_external_customers': '5408608000', 'transactions_with_other_segments': '392701000'}, {'segment': 'HeatInsulator', 'period': 'Prior1YTDDuration', 'net_sales': '4139650000', 'operating_income': '-72191000', 'revenues_from_external_customers': '3883139000', 'transactions_with_other_segments': '256510000'}, {'segment': 'HeatInsulator', 'period': 'CurrentYTDDuration', 'net_sales': '4808387000', 'operating_income': '346079000', 'revenues_from_external_customers': '4477107000', 'transactions_with_other_segments': '331279000'}, {'segment': 'RemodelingBusiness', 'period': 'CurrentYTDDuration', 'net_sales': '772684000', 'operating_income': '45163000', 'revenues_from_external_customers': '621413000', 'transactions_with_other_segments': '151270000'}, {'segment': 'RemodelingBusiness', 'period': 'Prior1YTDDuration', 'net_sales': '737077000', 'operating_income': '51066000', 'revenues_from_external_customers': '584327000', 'transactions_with_other_segments': '152750000'}, {'segment': 'NursingCareBusiness', 'period': 'Prior1YTDDuration', 'net_sales': '1232898000', 'operating_income': '-9901000', 'revenues_from_external_customers': '1232898000', 'transactions_with_other_segments': None}, {'segment': 'NursingCareBusiness', 'period': 'CurrentYTDDuration', 'net_sales': '1323595000', 'operating_income': '31016000', 'revenues_from_external_customers': '1323595000', 'transactions_with_other_segments': None}, {'segment': 'Total', 'period': 'CurrentYTDDuration', 'net_sales': '24719247000', 'operating_income': '729242000', 'revenues_from_external_customers': '24144834000', 'transactions_with_other_segments': '574412000'}, {'segment': 'Total', 'period': 'Prior1YTDDuration', 'net_sales': '21544132000', 'operating_income': '-126572000', 'revenues_from_external_customers': '20724407000', 'transactions_with_other_segments': '819725000'}, {'segment': 'NotInclude', 'period': 'CurrentYTDDuration', 'net_sales': '107296000', 'operating_income': '46074000', 'revenues_from_external_customers': '100831000', 'transactions_with_other_segments': '6465000'}, {'segment': 'NotInclude', 'period': 'Prior1YTDDuration', 'net_sales': '110089000', 'operating_income': '37762000', 'revenues_from_external_customers': '110089000', 'transactions_with_other_segments': None}]}",,,2019.0,1.0,2019-05-13 11:08:00+00:00
8,株式会社ヒノキヤグループ,代表取締役社長　近藤　昭,東京都千代田区丸の内一丁目８番３号,2019-06-30T00:00:00.000Z,2019-08-09T09:08:00.000Z,2019-08-09T09:08:00.000Z,2019-08-08T15:00:00.000Z,【E00325】株式会社ヒノキヤグループ 四半期報告書－第32期第2四半期(平成31年4月1日－令和1年6月30日),【14130】株式会社ヒノキヤグループ 2019年12月期第２四半期決算短信〔日本基準〕(連結),Japan GAAP,12604771.0,13575000.0,970229.0,67101365000.0,49020084000.0,6686588000.0,4825957000.0,4825957000.0,,,,24835991000.0,,,1776574000.0,,,-20212000.0,18081280000.0,12603066000.0,7219364000.0,,4779964000.0,,1564015000.0,1292860000.0,3914198000.0,,,-225553000.0,,46543693000.0,17256107000.0,34919366000.0,4118124000.0,4118124000.0,5493241000.0,5493241000.0,,6100000000.0,,,790907000.0,,,,,547707000.0,11624326000.0,,,,,10365200000.0,,,20557672000.0,17320330000.0,389900000.0,145612000.0,18705356000.0,-1920538000.0,-31173000.0,3268515000.0,49851346000.0,38840903000.0,11010443000.0,22.086551083294722,10100379000.0,910063000.0,1.8255535166492796,462724000.0,,4361000.0,3004000.0,,488748000.0,32232000.0,11411000.0,884039000.0,89680000.0,84392000.0,5288000.0,38362000.0,,20133000.0,,935357000.0,463674000.0,49.5718746959717,471683000.0,217192000.0,254490000.0,0.51049775065251,-5117523000.0,935357000.0,636534000.0,130156000.0,468136000.0,-5120569000.0,-2356612000.0,86383000.0,-463781000.0,217901000.0,-45435000.0,,,,,,,41964000.0,,,2090236000.0,3660000000.0,,-851526000.0,,,,,-566026000.0,-45371000.0,-4608307000.0,120000000000.0,6500000000.0,6400000000.0,3300000000.0,,187.24449654817212,1371.6359464206053,7266690000.0,1676753000.0,13.651180332274155,12.28636894026688,1.7538742319176368,3.8811241635436593,3.517326361393691,11.444576020608787,6.561507828287984,-10.26556635000387,20.260995560681554,5.781184281141095,0.0,3.541732825090131,28.234766691486723,41.542788333333334,14.00096923076923,7.711818181818182,140.71566693505125,614.2362671595263,1196.711069197218,9.964906079034309,0.6817984481000529,14.967404994359844,99.61584922170262,16.517578036659575,25543824000.0,98.06567617940289,9.33799402462861,25.716476855575145,1.7595202475236187,400.8492441265009,10569519000.0,207.06138522595882,0.9980883972538395,140.38079614618434,4.478279567523411,17289157000.0,25.765730697132618,5320695000.0,,,,"{'segments': [{'name': 'HousingBusiness', 'type': 'Segment'}, {'name': 'RealEstateInvestmentBusiness', 'type': 'Segment'}, {'name': 'InsulationMaterialsInstallationProject', 'type': 'Segment'}, {'name': 'Remodeling', 'type': 'Segment'}, {'name': 'NursingCareBusiness', 'type': 'Segment'}, {'name': 'Total', 'type': 'Total'}, {'name': 'NotInclude', 'type': 'NotInclude'}], 'periods': [{'name': 'CurrentYTDDuration', 'start_date': '2019-01-01', 'end_date': '2019-06-30'}, {'name': 'Prior1YTDDuration', 'start_date': '2018-01-01', 'end_date': '2018-06-30'}], 'values': [{'segment': 'HousingBusiness', 'period': 'CurrentYTDDuration', 'net_sales': '35842640000', 'operating_income': '1091872000', 'revenues_from_external_customers': '35795607000', 'transactions_with_other_segments': '47033000'}, {'segment': 'HousingBusiness', 'period': 'Prior1YTDDuration', 'net_sales': '32835503000', 'operating_income': '727564000', 'revenues_from_external_customers': '32422461000', 'transactions_with_other_segments': '413042000'}, {'segment': 'RealEstateInvestmentBusiness', 'period': 'Prior1YTDDuration', 'net_sales': '1751138000', 'operating_income': '118814000', 'revenues_from_external_customers': '1633218000', 'transactions_with_other_segments': '117920000'}, {'segment': 'RealEstateInvestmentBusiness', 'period': 'CurrentYTDDuration', 'net_sales': '978008000', 'operating_income': '67312000', 'revenues_from_external_customers': '846115000', 'transactions_with_other_segments': '131893000'}, {'segment': 'InsulationMaterialsInstallationProject', 'period': 'CurrentYTDDuration', 'net_sales': '10003505000', 'operating_income': '695405000', 'revenues_from_external_customers': '9322810000', 'transactions_with_other_segments': '680694000'}, {'segment': 'InsulationMaterialsInstallationProject', 'period': 'Prior1YTDDuration', 'net_sales': '8844022000', 'operating_income': '15149000', 'revenues_from_external_customers': '8293997000', 'transactions_with_other_segments': '550024000'}, {'segment': 'Remodeling', 'period': 'CurrentYTDDuration', 'net_sales': '1497766000', 'operating_income': '63885000', 'revenues_from_external_customers': '1149148000', 'transactions_with_other_segments': '348618000'}, {'segment': 'Remodeling', 'period': 'Prior1YTDDuration', 'net_sales': '1466697000', 'operating_income': '96130000', 'revenues_from_external_customers': '1146676000', 'transactions_with_other_segments': '320020000'}, {'segment': 'NursingCareBusiness', 'period': 'Prior1YTDDuration', 'net_sales': '2510610000', 'operating_income': '-77196000', 'revenues_from_external_customers': '2510610000', 'transactions_with_other_segments': None}, {'segment': 'NursingCareBusiness', 'period': 'CurrentYTDDuration', 'net_sales': '2604608000', 'operating_income': '-10166000', 'revenues_from_external_customers': '2604608000', 'transactions_with_other_segments': None}, {'segment': 'Total', 'period': 'CurrentYTDDuration', 'net_sales': '50926530000', 'operating_income': '1908309000', 'revenues_from_external_customers': '49718290000', 'transactions_with_other_segments': '1208239000'}, {'segment': 'Total', 'period': 'Prior1YTDDuration', 'net_sales': '47407972000', 'operating_income': '880463000', 'revenues_from_external_customers': '46006964000', 'transactions_with_other_segments': '1401007000'}, {'segment': 'NotInclude', 'period': 'Prior1YTDDuration', 'net_sales': '153381000', 'operating_income': '-3042000', 'revenues_from_external_customers': '136474000', 'transactions_with_other_segments': '16907000'}, {'segment': 'NotInclude', 'period': 'CurrentYTDDuration', 'net_sales': '153124000', 'operating_income': '-28000', 'revenues_from_external_customers': '133056000', 'transactions_with_other_segments': '20068000'}]}",,,2019.0,2.0,2019-08-09 09:08:00+00:00
9,株式会社ヒノキヤグループ,代表取締役社長　近藤　昭,東京都千代田区丸の内一丁目８番３号,2019-09-30T00:00:00.000Z,2019-11-11T10:56:00.000Z,2019-11-11T10:56:00.000Z,2019-11-08T15:00:00.000Z,【E00325】株式会社ヒノキヤグループ 四半期報告書－第32期第3四半期(令和1年7月2日－令和1年9月30日),【14130】株式会社ヒノキヤグループ 2019年12月期第３四半期決算短信〔日本基準〕(連結) ,Japan GAAP,12604396.0,13575000.0,970604.0,71847849000.0,54019199000.0,9693653000.0,4781332000.0,4781332000.0,,,,23338294000.0,,,1984221000.0,,,-20150000.0,17828650000.0,12698420000.0,7221650000.0,,4837792000.0,,1065876000.0,758659000.0,4064353000.0,,,-235969000.0,,51504509000.0,17866600000.0,39941235000.0,4096214000.0,4096214000.0,6023169000.0,6023169000.0,,7087400000.0,,,535200000.0,,,,,511864000.0,11563274000.0,,,,,10244000000.0,,,20343339000.0,16929722000.0,389900000.0,144781000.0,18315579000.0,-1920538000.0,-28535000.0,3442152000.0,78528192000.0,61264842000.0,17263349000.0,21.983632324044848,14946271000.0,2317078000.0,2.9506320481694015,520680000.0,,24855000.0,3025000.0,,584455000.0,68064000.0,13132000.0,2253302000.0,89919000.0,84815000.0,5103000.0,509119000.0,,20133000.0,470645000.0,1834103000.0,1014417000.0,55.30861680069222,819685000.0,387756000.0,431929000.0,0.5500304909604948,,1834103000.0,,,,,,,,,,,,,,,,,,,,,,,,,,,,,0.0,120000000000.0,6500000000.0,6400000000.0,3300000000.0,,187.2500673574521,1340.8962238254019,6500000000.0,2317078000.0,13.964545803794728,12.539626415750947,1.6380080494824556,4.251053431927592,3.284961251936714,11.371327717809592,6.7119288130472725,0.0,19.033000275875448,0.0,0.0,2.9374928250149543,34.0426363422661,65.44016,35.64735384615385,13.088757575757576,52.81136231940753,180.525731114792,664.0144560795871,13.49191817837163,0.9884140568882697,14.82900333684957,93.60866559324195,16.429698182924422,24023412000.0,92.0079707471671,9.26787387722252,24.867271948531126,1.8217692121638724,415.0306384348765,8172947000.0,231.33665803130336,1.0571210175947996,135.24669179608492,3.4628578231943914,16901187000.0,23.523581060860987,851129000.0,,,,"{'segments': [{'name': 'HousingBusiness', 'type': 'Segment'}, {'name': 'RealEstateInvestmentBusiness', 'type': 'Segment'}, {'name': 'InsulationMaterialsInstallationProject', 'type': 'Segment'}, {'name': 'RemodelingBusiness', 'type': 'Segment'}, {'name': 'NursingCareBusiness', 'type': 'Segment'}, {'name': 'Total', 'type': 'Total'}, {'name': 'NotInclude', 'type': 'NotInclude'}], 'periods': [{'name': 'CurrentYTDDuration', 'start_date': '2019-01-01', 'end_date': '2019-09-30'}, {'name': 'Prior1YTDDuration', 'start_date': '2018-01-01', 'end_date': '2018-09-30'}], 'values': [{'segment': 'HousingBusiness', 'period': 'CurrentYTDDuration', 'net_sales': '56733059000', 'operating_income': '2191632000', 'revenues_from_external_customers': '56625582000', 'transactions_with_other_segments': '107477000'}, {'segment': 'HousingBusiness', 'period': 'Prior1YTDDuration', 'net_sales': '50379129000', 'operating_income': '1561443000', 'revenues_from_external_customers': '49950075000', 'transactions_with_other_segments': '429053000'}, {'segment': 'RealEstateInvestmentBusiness', 'period': 'CurrentYTDDuration', 'net_sales': '1660904000', 'operating_income': '133164000', 'revenues_from_external_customers': '1467127000', 'transactions_with_other_segments': '193776000'}, {'segment': 'RealEstateInvestmentBusiness', 'period': 'Prior1YTDDuration', 'net_sales': '3291148000', 'operating_income': '230454000', 'revenues_from_external_customers': '3112296000', 'transactions_with_other_segments': '178851000'}, {'segment': 'InsulationMaterialsInstallationProject', 'period': 'CurrentYTDDuration', 'net_sales': '15367570000', 'operating_income': '1246886000', 'revenues_from_external_customers': '14324775000', 'transactions_with_other_segments': '1042794000'}, {'segment': 'InsulationMaterialsInstallationProject', 'period': 'Prior1YTDDuration', 'net_sales': '13542015000', 'operating_income': '151414000', 'revenues_from_external_customers': '12654143000', 'transactions_with_other_segments': '887872000'}, {'segment': 'RemodelingBusiness', 'period': 'Prior1YTDDuration', 'net_sales': '2135211000', 'operating_income': '126015000', 'revenues_from_external_customers': '1656569000', 'transactions_with_other_segments': '478641000'}, {'segment': 'RemodelingBusiness', 'period': 'CurrentYTDDuration', 'net_sales': '2554158000', 'operating_income': '164730000', 'revenues_from_external_customers': '2004743000', 'transactions_with_other_segments': '549414000'}, {'segment': 'NursingCareBusiness', 'period': 'Prior1YTDDuration', 'net_sales': '3747495000', 'operating_income': '-128667000', 'revenues_from_external_customers': '3747495000', 'transactions_with_other_segments': None}, {'segment': 'NursingCareBusiness', 'period': 'CurrentYTDDuration', 'net_sales': '3934632000', 'operating_income': '39947000', 'revenues_from_external_customers': '3934632000', 'transactions_with_other_segments': None}, {'segment': 'Total', 'period': 'Prior1YTDDuration', 'net_sales': '73095000000', 'operating_income': '1940661000', 'revenues_from_external_customers': '71120581000', 'transactions_with_other_segments': '1974419000'}, {'segment': 'Total', 'period': 'CurrentYTDDuration', 'net_sales': '80250325000', 'operating_income': '3776361000', 'revenues_from_external_customers': '78356860000', 'transactions_with_other_segments': '1893464000'}, {'segment': 'NotInclude', 'period': 'Prior1YTDDuration', 'net_sales': '198917000', 'operating_income': '-3201000', 'revenues_from_external_customers': '178803000', 'transactions_with_other_segments': '20114000'}, {'segment': 'NotInclude', 'period': 'CurrentYTDDuration', 'net_sales': '193475000', 'operating_income': '-4484000', 'revenues_from_external_customers': '171331000', 'transactions_with_other_segments': '22144000'}]}",,,2019.0,3.0,2019-11-11 10:56:00+00:00
10,株式会社ヒノキヤグループ,代表取締役社長　近藤　昭,東京都千代田区丸の内一丁目８番３号,2019-12-31T00:00:00.000Z,2020-03-30T16:51:00.000Z,2020-03-30T16:51:00.000Z,2020-02-10T15:00:00.000Z,【E00325】株式会社ヒノキヤグループ 有価証券報告書－第32期(平成31年1月1日－令和1年12月31日),【14130】株式会社ヒノキヤグループ 2019年12月期決算短信〔日本基準〕(連結),Japan GAAP,12604361.0,13575000.0,970639.0,66937844000.0,47979573000.0,9850351000.0,5526297000.0,5526297000.0,,,,21348160000.0,,,1693870000.0,,,-22664000.0,18958271000.0,12464888000.0,12952788000.0,1020191000.0,4989996000.0,257679000.0,1011962000.0,713206000.0,5481420000.0,406125000.0,835801000.0,-234881000.0,,44434614000.0,14132800000.0,32823307000.0,12300790000.0,,4761040000.0,7539750000.0,,3504000000.0,,,468800000.0,,,,,1621120000.0,11611306000.0,,,,,10160000000.0,,,22503230000.0,18856471000.0,389900000.0,143368000.0,20243825000.0,-1920622000.0,-15948000.0,3662707000.0,117687355000.0,91000948000.0,26686407000.0,22.67567913307254,20416780000.0,6269626000.0,5.327357386866244,588353000.0,,26924000.0,5164000.0,,626741000.0,84019000.0,16940000.0,6231239000.0,90094000.0,84990000.0,5103000.0,1044989000.0,,20133000.0,1006515000.0,5276344000.0,2316067000.0,43.89529947251354,2960277000.0,600102000.0,2360174000.0,2.0054609945138115,4304887000.0,5276344000.0,1288086000.0,239164000.0,-330494000.0,-1723442000.0,332811000.0,-2553810000.0,-1586840000.0,218834000.0,-101107000.0,,,,,,-30235000.0,41964000.0,,,-1537722000.0,1064000000.0,,-1378833000.0,,,,,-1133241000.0,-35865000.0,5992834000.0,124000000000.0,6800000000.0,6700000000.0,3500000000.0,90.0,187.2505873165645,1494.762249351633,8327250000.0,7796876000.0,12.527115091231808,11.368226559758625,1.7581587330479302,3.552865491048205,3.5259187612914453,11.990174602662886,6.021024416360416,3.657901054875437,17.348320896497334,4.826749438393861,0.0,1.3400958845073057,74.6215260833859,94.90915725806451,92.20038235294118,67.43354285714285,5.363911016608358,8.459420067480906,48.29415119393741,14.715668165231016,1.0043917802384121,17.139465875496988,85.62634314534833,49.3378195356822,14573667000.0,53.427989485163124,9.441509221743509,21.11331820009022,1.4410520144666348,328.2966544766448,4282449000.0,181.93122853839762,0.7501277963462054,146.17531682593713,1.8144632556752172,18840523000.0,28.146294941916565,-989818000.0,3111.0,37829429.443908714,2015308.9038894246,"{'segments': [{'name': 'HousingBusiness', 'type': 'Segment'}, {'name': 'RealEstateBusiness', 'type': 'Segment'}, {'name': 'InsulationMaterialsInstallationProject', 'type': 'Segment'}, {'name': 'RemodelingBusiness', 'type': 'Segment'}, {'name': 'NursingCareBusiness', 'type': 'Segment'}, {'name': 'NotInclude', 'type': 'NotInclude'}, {'name': 'RealEstateInvestmentBusiness', 'type': 'Segment'}, {'name': 'Total', 'type': 'Total'}], 'periods': [{'name': 'CurrentYearInstant', 'instant': '2019-12-31'}, {'name': 'CurrentYearDuration', 'start_date': '2019-01-01', 'end_date': '2019-12-31'}, {'name': 'Prior1YearDuration', 'start_date': '2018-01-01', 'end_date': '2018-12-31'}, {'name': 'Prior1YearInstant', 'instant': '2018-12-31'}], 'values': [{'segment': 'HousingBusiness', 'period': 'CurrentYearDuration', 'net_sales': '87389824000', 'operating_income': '5808636000', 'revenues_from_external_customers': '87219357000', 'transactions_with_other_segments': '170466000'}, {'segment': 'RealEstateInvestmentBusiness', 'period': 'CurrentYearDuration', 'net_sales': '2513069000', 'operating_income': '206313000', 'revenues_from_external_customers': '2257408000', 'transactions_with_other_segments': '255660000'}, {'segment': 'InsulationMaterialsInstallationProject', 'period': 'CurrentYearDuration', 'net_sales': '21366509000', 'operating_income': '1853287000', 'revenues_from_external_customers': '19948106000', 'transactions_with_other_segments': '1418403000'}, {'segment': 'NursingCareBusiness', 'period': 'CurrentYearDuration', 'net_sales': '5297015000', 'operating_income': '108797000', 'revenues_from_external_customers': '5297015000', 'transactions_with_other_segments': None}, {'segment': 'HousingBusiness', 'period': 'Prior1YearDuration', 'net_sales': '80545019000', 'operating_income': '5258389000', 'revenues_from_external_customers': '80094658000', 'transactions_with_other_segments': '450361000'}, {'segment': 'RealEstateInvestmentBusiness', 'period': 'Prior1YearDuration', 'net_sales': '4601144000', 'operating_income': '313017000', 'revenues_from_external_customers': '4359008000', 'transactions_with_other_segments': '242135000'}, {'segment': 'InsulationMaterialsInstallationProject', 'period': 'Prior1YearDuration', 'net_sales': '19417166000', 'operating_income': '709354000', 'revenues_from_external_customers': '18121925000', 'transactions_with_other_segments': '1295241000'}, {'segment': 'RemodelingBusiness', 'period': 'Prior1YearDuration', 'net_sales': '3058145000', 'operating_income': '206442000', 'revenues_from_external_customers': '2407445000', 'transactions_with_other_segments': '650700000'}, {'segment': 'RemodelingBusiness', 'period': 'CurrentYearDuration', 'net_sales': '3425160000', 'operating_income': '218840000', 'revenues_from_external_customers': '2707058000', 'transactions_with_other_segments': '718101000'}, {'segment': 'NursingCareBusiness', 'period': 'Prior1YearDuration', 'net_sales': '4978108000', 'operating_income': '-30543000', 'revenues_from_external_customers': '4978108000', 'transactions_with_other_segments': None}, {'segment': 'Total', 'period': 'CurrentYearDuration', 'net_sales': '119991578000', 'operating_income': '8195875000', 'revenues_from_external_customers': '117428946000', 'transactions_with_other_segments': '2562632000'}, {'segment': 'Total', 'period': 'Prior1YearDuration', 'net_sales': '112599585000', 'operating_income': '6456661000', 'revenues_from_external_customers': '109961146000', 'transactions_with_other_segments': '2638439000'}, {'segment': 'NotInclude', 'period': 'CurrentYearDuration', 'net_sales': '286212000', 'operating_income': '-1829000', 'revenues_from_external_customers': '258409000', 'transactions_with_other_segments': '27802000'}, {'segment': 'NotInclude', 'period': 'Prior1YearDuration', 'net_sales': '322972000', 'operating_income': '4234000', 'revenues_from_external_customers': '298494000', 'transactions_with_other_segments': '24478000'}]}",3237000000.0,,2019.0,4.0,2020-03-30 16:51:00+00:00
11,株式会社ヒノキヤグループ,代表取締役社長　近藤　昭,東京都千代田区丸の内一丁目８番３号,2020-03-31T00:00:00.000Z,2020-05-15T10:50:00.000Z,2020-05-15T10:50:00.000Z,2020-05-11T15:00:00.000Z,四半期報告書－第33期第1四半期(令和2年1月1日－令和2年3月31日),【14130】株式会社ヒノキヤグループ 2020年12月期第1四半期決算短信〔日本基準〕(連結),Japan GAAP,12604361.0,13575000.0,970639.0,69249968000.0,49875887000.0,8570651000.0,4866104000.0,4866104000.0,,,,23511933000.0,,,1803418000.0,,,-14060000.0,19374080000.0,12605642000.0,7004140000.0,,5037877000.0,,990781000.0,667753000.0,5777656000.0,,,-234014000.0,,47818167000.0,19199330000.0,34053544000.0,4127307000.0,4127307000.0,5489084000.0,5489084000.0,,5014000000.0,,,1773680000.0,,,,,187647000.0,13764622000.0,,,,,12411650000.0,,,21431801000.0,17937366000.0,389900000.0,143368000.0,19324720000.0,-1920622000.0,-42351000.0,3536786000.0,21551545000.0,16918418000.0,4633126000.0,21.497883330406243,4804347000.0,-171220000.0,,54948000.0,,8694000.0,,,60409000.0,15994000.0,6736000.0,-176681000.0,,,,44794000.0,9062000.0,,35732000.0,-221476000.0,-610000.0,0.27542487673607974,-220865000.0,131043000.0,-351908000.0,,,-221476000.0,,,,,,,,,,,,,,,,,,,,,,,,,,,,,0.0,124000000000.0,6800000000.0,6700000000.0,3500000000.0,,187.2505873165645,1419.7478951927828,6800000000.0,,13.189002635650207,11.910664290025094,1.6994571752004275,3.8697910004545957,3.4081950767110825,10.658117834403061,6.33915361345045,0.0,22.292355374057866,0.0,0.0,-9.341198458124051,-10.705264474177817,17.380278225806453,-2.5179411764705883,-10.054514285714285,475.3647824320716,-4071.4986566989837,-1094.5781283744616,12.376397054797195,0.8739070735339408,15.091918413834689,94.30512245872427,16.554410565041586,24250730000.0,92.84263030751737,9.33608577809841,27.724677071330923,1.9576611268049995,445.98917462874175,10628679000.0,204.76747530652386,1.072887058211463,146.46313170811237,4.503345516050935,17895015000.0,25.841188836361628,-307114000.0,,,,"{'segments': [{'name': 'HousingBusiness', 'type': 'Segment'}, {'name': 'RealEstateInvestmentBusiness', 'type': 'Segment'}, {'name': 'HeatInsulator', 'type': 'Segment'}, {'name': 'RemodelingBusiness', 'type': 'Segment'}, {'name': 'NursingCareBusiness', 'type': 'Segment'}, {'name': 'Total', 'type': 'Total'}, {'name': 'NotInclude', 'type': 'NotInclude'}], 'periods': [{'name': 'CurrentYTDDuration', 'start_date': '2020-01-01', 'end_date': '2020-03-31'}, {'name': 'Prior1YTDDuration', 'start_date': '2019-01-01', 'end_date': '2019-03-31'}], 'values': [{'segment': 'HousingBusiness', 'period': 'CurrentYTDDuration', 'net_sales': '14996713000', 'operating_income': '-124458000', 'revenues_from_external_customers': '14920572000', 'transactions_with_other_segments': '76141000'}, {'segment': 'HousingBusiness', 'period': 'Prior1YTDDuration', 'net_sales': '17185695000', 'operating_income': '346999000', 'revenues_from_external_customers': '17170229000', 'transactions_with_other_segments': '15465000'}, {'segment': 'RealEstateInvestmentBusiness', 'period': 'CurrentYTDDuration', 'net_sales': '170821000', 'operating_income': '21311000', 'revenues_from_external_customers': '107860000', 'transactions_with_other_segments': '62960000'}, {'segment': 'RealEstateInvestmentBusiness', 'period': 'Prior1YTDDuration', 'net_sales': '819897000', 'operating_income': '38603000', 'revenues_from_external_customers': '752871000', 'transactions_with_other_segments': '67026000'}, {'segment': 'HeatInsulator', 'period': 'Prior1YTDDuration', 'net_sales': '4808387000', 'operating_income': '346079000', 'revenues_from_external_customers': '4477107000', 'transactions_with_other_segments': '331279000'}, {'segment': 'HeatInsulator', 'period': 'CurrentYTDDuration', 'net_sales': '4889985000', 'operating_income': '421370000', 'revenues_from_external_customers': '4579215000', 'transactions_with_other_segments': '310769000'}, {'segment': 'RemodelingBusiness', 'period': 'CurrentYTDDuration', 'net_sales': '720871000', 'operating_income': '32876000', 'revenues_from_external_customers': '574854000', 'transactions_with_other_segments': '146016000'}, {'segment': 'RemodelingBusiness', 'period': 'Prior1YTDDuration', 'net_sales': '682196000', 'operating_income': '21059000', 'revenues_from_external_customers': '530926000', 'transactions_with_other_segments': '151270000'}, {'segment': 'NursingCareBusiness', 'period': 'Prior1YTDDuration', 'net_sales': '1269115000', 'operating_income': '26216000', 'revenues_from_external_customers': '1269115000', 'transactions_with_other_segments': None}, {'segment': 'NursingCareBusiness', 'period': 'CurrentYTDDuration', 'net_sales': '1338364000', 'operating_income': '67826000', 'revenues_from_external_customers': '1338364000', 'transactions_with_other_segments': None}, {'segment': 'Total', 'period': 'Prior1YTDDuration', 'net_sales': '24765292000', 'operating_income': '778959000', 'revenues_from_external_customers': '24200250000', 'transactions_with_other_segments': '565042000'}, {'segment': 'Total', 'period': 'CurrentYTDDuration', 'net_sales': '22116756000', 'operating_income': '418926000', 'revenues_from_external_customers': '21520867000', 'transactions_with_other_segments': '595888000'}, {'segment': 'NotInclude', 'period': 'CurrentYTDDuration', 'net_sales': '35295000', 'operating_income': '-5036000', 'revenues_from_external_customers': '30677000', 'transactions_with_other_segments': '4617000'}, {'segment': 'NotInclude', 'period': 'Prior1YTDDuration', 'net_sales': '51881000', 'operating_income': '-3642000', 'revenues_from_external_customers': '45415000', 'transactions_with_other_segments': '6465000'}]}",,,2020.0,1.0,2020-05-15 10:50:00+00:00
