,company_name,ceo_name,headquarters_address,end_date,updated_date,edinet_updated_date,tdnet_updated_date,edinet_title,tdnet_title,accounting_standard,num_of_shares,issued_share_num,treasury_stock_num,assets,current_assets,cash_and_deposits,trade_receivables,notes_accounts_receivable,notes_receivable,accounts_receivable,current_securities,inventories,merchandise,work_in_process,raw_materials_and_supplies,prepaid_expenses,current_dta,current_allowance_doubtful_accounts,non_current_assets,tangible_fixed_assets,buildings,machineries,land,construction_in_progress,intangible_assets,good_will,investments_and_other_assets,investment_securities,non_current_dta,non_current_allowance_doubtful_accounts,lease_and_guarantee_deposits,liabilities,debt,current_liabilities,trade_payables,notes_accounts_payable,accounts_payable,notes_payable,short_term_bonds_payable,short_term_loans_payable,commercial_papers_liabilities,current_lease_obligations,current_portion_of_long_term_loans,current_portion_of_bonds,current_portion_of_convertible_bonds,current_portion_of_bonds_with_subscription_rights,advances_received,corporate_tax_payable,non_current_liabilities,bonds_payable,convertible_bonds,convertible_bond_type_bonds_with_subscription_rights,non_current_bonds_with_subscription_right,long_term_loans_payable,non_current_lease_obligations,non_current_dtl,net_assets,shareholders_equity,capital_stock,additional_capital_stock,retained_earnings,treasury_stock,valuation_and_translation_adjustments,non_controlling_interests,net_sales,cost_of_sales,gross_profit,gross_margin,sga,operating_income,operating_margin,non_operating_income,interest_and_dividends_income,interest_income,dividends_income,equity_method_income,non_operating_expenses,interest_expense,equity_method_loss,ordinary_income,extraordinary_income,gain_of_sales_non_current_assets,gain_of_sales_investment_securities,extraordinary_loss,loss_of_sales_non_current_assets,loss_of_valuation_investment_securities,impairment_loss,income_before_income_taxes,income_taxes,real_corporate_tax_rate,net_income,non_controling_interests,profit_loss_attributable_to_owners_of_parent,net_profit_margin,operating_cash_flow,income_before_taxes,depreciation,amortization,decrease_trade_receivables_op_cf,decrease_inventories_op_cf,increase_trade_payables_op_cf,investment_cash_flow,purchase_of_property,sale_of_property,purchase_of_intangible_assets,sale_of_intangible_assets,purchase_of_non_current_assets,sale_of_non_current_assets,purchase_of_securities,sale_of_securities,purchase_of_investment_securities,sale_of_investment_securities,lending,return_of_lending,financial_cash_flow,net_short_term_debt,long_term_debt_issuance,long_term_debt_repayment,bonds_issuance,bonds_repayment,share_repurchase,share_sales,dividend_payment,cash_translation_difference,free_cash_flow,ex_net_sales,ex_operating_income,ex_ordinary_income,ex_net_income,dividend,eps_actual,bps,ebitda_forecast,ebitda_actual,roe,real_roe,total_asset_turnover,financial_leverage,roa,roic,doe,net_sales_operating_cash_flow_ratio,sga_ratio,depreciation_gross_profit_ratio,r_and_d_ratio,interest_op_income_ratio,interest_coverage_ratio,net_sales_progress,operating_income_progress,net_income_progress,net_sales_growth_rate_forecast,operating_income_growth_rate_forecast,net_income_growth_rate_forecast,cash_assets_ratio,cash_monthly_sales_ratio,accounts_receivable_turnover,inventory_turnover,trade_payable_turnover,working_capital,ccc,tangible_fixed_assets_turnover,debt_assets_ratio,debt_monthly_sales_ratio,operating_cash_flow_debt_ratio,net_debt,adjusted_debt_ratio,de_ratio,current_ratio,net_debt_net_income_ratio,equity,equity_ratio,accrual,employee_num,net_sales_per_employee,operating_income_per_employee,segment_member,increase_in_properties,r_and_d_expenses,fiscal_year,fiscal_quarter,to_datetime
0,株式会社ミライト・ホールディングス,代表取締役社長　　鈴木　正俊,東京都江東区豊洲五丁目６番36号,2017-09-30T00:00:00.000Z,2017-11-07T15:18:00.000Z,2017-11-07T15:18:00.000Z,2017-10-31T16:00:00.000Z,【E24558】株式会社ミライト・ホールディングス 四半期報告書－第8期第2四半期(平成29年7月1日－平成29年9月30日),【14170】株式会社ミライト・ホールディングス 平成30年3月期 第2四半期決算短信〔日本基準〕（連結）,Japan GAAP,79049691.0,85381866.0,6332175.0,212415000000.0,143400000000.0,44635000000.0,0.0,,,,,2581000000.0,328000000.0,,2253000000.0,,2672000000.0,-8000000.0,69014000000.0,35556000000.0,10570000000.0,,18630000000.0,3254000000.0,6697000000.0,3179000000.0,26760000000.0,22382000000.0,837000000.0,-149000000.0,1280000000.0,80826000000.0,16609000000.0,50006000000.0,29863000000.0,29863000000.0,,,,41000000.0,,,,,,,,1875000000.0,30820000000.0,,,16568000000.0,,,,4216000000.0,131589000000.0,121937000000.0,7000000000.0,26043000000.0,94180000000.0,-5287000000.0,4768000000.0,4884000000.0,132291000000.0,116017000000.0,16274000000.0,12.301668291871707,11771000000.0,4502000000.0,3.40310376367251,642000000.0,,45000000.0,268000000.0,147000000.0,34000000.0,10000000.0,,5110000000.0,5000000.0,2000000.0,3000000.0,155000000.0,60000000.0,,,4959000000.0,2142000000.0,43.19419237749546,2817000000.0,113000000.0,2704000000.0,2.0439788043026357,13533000000.0,4959000000.0,1413000000.0,189000000.0,30233000000.0,,-11071000000.0,-1471000000.0,-1310000000.0,54000000.0,-191000000.0,,,,,,-2000000.0,164000000.0,,,-2143000000.0,,,-26000000.0,,,-1000000.0,,-1190000000.0,1000000.0,15034000000.0,310000000000.0,12500000000.0,13000000000.0,8000000000.0,,145.52871560244301,1602.8525652301412,14102000000.0,6104000000.0,9.079357562842825,8.71567973816595,1.4733752324459195,1.6764531786433052,5.4158133841772,7.6873159635485715,2.1836069492127383,10.229720842687712,8.897808618878079,8.682561140469462,0.0,0.2221235006663705,450.2,42.674516129032256,36.016,33.8,134.33188954653002,177.65437583296313,195.85798816568047,21.013111126803665,1.7114264443216058,0.0,3.4481856181782247,39.89661647255185,-27282000000.0,-36.448430854373626,8.802086848914389,7.819127651060424,0.636833915396831,132.21620761025315,-28026000000.0,59.05052748473071,0.1310840140483801,286.7655881294245,-2.4361961057023644,126705000000.0,59.64974224984111,-10679000000.0,,,,"{'segments': [{'name': 'MIRAIT', 'type': 'Segment'}, {'name': 'MIRAITTECHNOLOGIES', 'type': 'Segment'}, {'name': 'MIRAITSINGAPORE', 'type': 'Segment'}, {'name': 'Total', 'type': 'Total'}, {'name': 'NotInclude', 'type': 'NotInclude'}, {'name': 'Reconcile', 'type': 'Reconcile'}], 'periods': [{'name': 'CurrentYTDDuration', 'start_date': '2017-04-01', 'end_date': '2017-09-30'}, {'name': 'Prior1YTDDuration', 'start_date': '2016-04-01', 'end_date': '2016-09-30'}], 'values': [{'segment': 'MIRAIT', 'period': 'CurrentYTDDuration', 'net_sales': '83226000000', 'operating_income': '4290000000', 'revenues_from_external_customers': '82696000000', 'transactions_with_other_segments': '529000000'}, {'segment': 'MIRAIT', 'period': 'Prior1YTDDuration', 'net_sales': '64205000000', 'operating_income': '-1252000000', 'revenues_from_external_customers': '63735000000', 'transactions_with_other_segments': '469000000'}, {'segment': 'MIRAITTECHNOLOGIES', 'period': 'CurrentYTDDuration', 'net_sales': '44713000000', 'operating_income': '157000000', 'revenues_from_external_customers': '42031000000', 'transactions_with_other_segments': '2682000000'}, {'segment': 'MIRAITTECHNOLOGIES', 'period': 'Prior1YTDDuration', 'net_sales': '42265000000', 'operating_income': '30000000', 'revenues_from_external_customers': '39723000000', 'transactions_with_other_segments': '2541000000'}, {'segment': 'MIRAITSINGAPORE', 'period': 'Prior1YTDDuration', 'net_sales': '3391000000', 'operating_income': '63000000', 'revenues_from_external_customers': '3391000000', 'transactions_with_other_segments': None}, {'segment': 'MIRAITSINGAPORE', 'period': 'CurrentYTDDuration', 'net_sales': '7562000000', 'operating_income': '-99000000', 'revenues_from_external_customers': '7562000000', 'transactions_with_other_segments': None}, {'segment': 'Total', 'period': 'CurrentYTDDuration', 'net_sales': '135502000000', 'operating_income': '4348000000', 'revenues_from_external_customers': '132290000000', 'transactions_with_other_segments': '3211000000'}, {'segment': 'Total', 'period': 'Prior1YTDDuration', 'net_sales': '109862000000', 'operating_income': '-1157000000', 'revenues_from_external_customers': '106851000000', 'transactions_with_other_segments': '3011000000'}, {'segment': 'NotInclude', 'period': 'CurrentYTDDuration', 'net_sales': '3382000000', 'operating_income': '2564000000', 'revenues_from_external_customers': '0', 'transactions_with_other_segments': '3381000000'}, {'segment': 'NotInclude', 'period': 'Prior1YTDDuration', 'net_sales': '3397000000', 'operating_income': '2601000000', 'revenues_from_external_customers': '0', 'transactions_with_other_segments': '3396000000'}, {'segment': 'Reconcile', 'period': 'Prior1YTDDuration', 'net_sales': '-6407000000', 'operating_income': '-2386000000', 'revenues_from_external_customers': None, 'transactions_with_other_segments': '-6407000000'}, {'segment': 'Reconcile', 'period': 'CurrentYTDDuration', 'net_sales': '-6593000000', 'operating_income': '-2410000000', 'revenues_from_external_customers': None, 'transactions_with_other_segments': '-6593000000'}]}",,,2017.0,2.0,2017-11-07 15:18:00+00:00
1,株式会社ミライト・ホールディングス,代表取締役社長　鈴木　正俊,東京都江東区豊洲五丁目６番36号,2017-12-31T00:00:00.000Z,2018-02-07T15:09:00.000Z,2018-02-07T15:09:00.000Z,2018-02-02T16:00:00.000Z,【E24558】株式会社ミライト・ホールディングス 四半期報告書－第8期第3四半期(平成29年10月1日－平成29年12月31日),【14170】株式会社ミライト・ホールディングス 平成30年3月期 第3四半期決算短信〔日本基準〕（連結）,Japan GAAP,79196092.0,85381866.0,6185774.0,216611000000.0,142624000000.0,28028000000.0,0.0,,,,6999000000.0,,,,,,2727000000.0,-5000000.0,73986000000.0,40597000000.0,11255000000.0,,18632000000.0,7125000000.0,6576000000.0,3128000000.0,26813000000.0,22829000000.0,479000000.0,-142000000.0,1234000000.0,82396000000.0,16564000000.0,51417000000.0,30451000000.0,30451000000.0,,,,,,,,,,,,2658000000.0,30978000000.0,,,16564000000.0,,,,4017000000.0,134214000000.0,125227000000.0,7000000000.0,27318000000.0,96077000000.0,-5168000000.0,5466000000.0,3521000000.0,206602000000.0,180710000000.0,25891000000.0,12.53182447410964,17237000000.0,8653000000.0,4.1882459995547,1081000000.0,,61000000.0,504000000.0,197000000.0,70000000.0,12000000.0,,9664000000.0,20000000.0,2000000.0,17000000.0,261000000.0,65000000.0,,,9423000000.0,3469000000.0,36.81417807492306,5954000000.0,154000000.0,5800000000.0,2.8073300355272455,,9423000000.0,,,,,,,,,,,,,,,,,,,,,,,,,,,,,0.0,310000000000.0,12500000000.0,13000000000.0,8000000000.0,,145.25969286464286,1650.245570198085,12500000000.0,8653000000.0,8.802307698193475,8.467477789799869,1.4448342881940437,1.6574032274108024,5.310902955066918,7.481477960300699,2.1208964672935813,0.0,8.343094452135023,0.0,0.0,0.13868022651103662,721.0833333333334,66.6458064516129,69.224,72.5,50.04695017473209,44.45856928232983,37.93103448275863,12.939324411040989,1.0746692143261112,0.0,,40.682177551005466,,-40.682177551005466,7.709116437175161,7.646887738849828,0.6351084938667655,131.85798439738898,-11464000000.0,59.11523726162632,0.12673976418017796,277.38685648715403,-0.9965229485396384,130693000000.0,60.3353476970237,6041000000.0,,,,"{'segments': [{'name': 'MIRAIT', 'type': 'Segment'}, {'name': 'MIRAITTECHNOLOGIES', 'type': 'Segment'}, {'name': 'MIRAITSINGAPORE', 'type': 'Segment'}, {'name': 'Total', 'type': 'Total'}, {'name': 'NotInclude', 'type': 'NotInclude'}, {'name': 'Reconcile', 'type': 'Reconcile'}], 'periods': [{'name': 'Prior1YTDDuration', 'start_date': '2016-04-01', 'end_date': '2016-12-31'}, {'name': 'CurrentYTDDuration', 'start_date': '2017-04-01', 'end_date': '2017-12-31'}], 'values': [{'segment': 'MIRAIT', 'period': 'Prior1YTDDuration', 'net_sales': '103614000000', 'operating_income': '440000000', 'revenues_from_external_customers': '102878000000', 'transactions_with_other_segments': '736000000'}, {'segment': 'MIRAIT', 'period': 'CurrentYTDDuration', 'net_sales': '129805000000', 'operating_income': '7505000000', 'revenues_from_external_customers': '129008000000', 'transactions_with_other_segments': '796000000'}, {'segment': 'MIRAITTECHNOLOGIES', 'period': 'CurrentYTDDuration', 'net_sales': '70997000000', 'operating_income': '831000000', 'revenues_from_external_customers': '66453000000', 'transactions_with_other_segments': '4544000000'}, {'segment': 'MIRAITTECHNOLOGIES', 'period': 'Prior1YTDDuration', 'net_sales': '65470000000', 'operating_income': '145000000', 'revenues_from_external_customers': '60927000000', 'transactions_with_other_segments': '4543000000'}, {'segment': 'MIRAITSINGAPORE', 'period': 'Prior1YTDDuration', 'net_sales': '7777000000', 'operating_income': '344000000', 'revenues_from_external_customers': '7777000000', 'transactions_with_other_segments': None}, {'segment': 'MIRAITSINGAPORE', 'period': 'CurrentYTDDuration', 'net_sales': '11138000000', 'operating_income': '137000000', 'revenues_from_external_customers': '11138000000', 'transactions_with_other_segments': None}, {'segment': 'Total', 'period': 'Prior1YTDDuration', 'net_sales': '176862000000', 'operating_income': '930000000', 'revenues_from_external_customers': '171583000000', 'transactions_with_other_segments': '5279000000'}, {'segment': 'Total', 'period': 'CurrentYTDDuration', 'net_sales': '211941000000', 'operating_income': '8474000000', 'revenues_from_external_customers': '206600000000', 'transactions_with_other_segments': '5340000000'}, {'segment': 'NotInclude', 'period': 'Prior1YTDDuration', 'net_sales': '3805000000', 'operating_income': '2615000000', 'revenues_from_external_customers': '1000000', 'transactions_with_other_segments': '3803000000'}, {'segment': 'NotInclude', 'period': 'CurrentYTDDuration', 'net_sales': '3793000000', 'operating_income': '2684000000', 'revenues_from_external_customers': '1000000', 'transactions_with_other_segments': '3792000000'}, {'segment': 'Reconcile', 'period': 'CurrentYTDDuration', 'net_sales': '-9133000000', 'operating_income': '-2505000000', 'revenues_from_external_customers': None, 'transactions_with_other_segments': '-9133000000'}, {'segment': 'Reconcile', 'period': 'Prior1YTDDuration', 'net_sales': '-9083000000', 'operating_income': '-2295000000', 'revenues_from_external_customers': None, 'transactions_with_other_segments': '-9083000000'}]}",,,2017.0,3.0,2018-02-07 15:09:00+00:00
2,株式会社ミライト・ホールディングス,代表取締役社長　鈴木　正俊,東京都江東区豊洲五丁目６番36号,2018-03-31T00:00:00.000Z,2018-06-27T14:11:00.000Z,2018-06-27T14:11:00.000Z,2018-04-27T16:00:00.000Z,【E24558】株式会社ミライト・ホールディングス 有価証券報告書－第8期(平成29年4月1日－平成30年3月31日),【14170】株式会社ミライト・ホールディングス 平成30年3月期 決算短信〔日本基準〕（連結）,Japan GAAP,79195882.0,85381866.0,6185984.0,234489000000.0,154586000000.0,33748000000.0,4742000000.0,,1384000000.0,3358000000.0,,2351000000.0,411000000.0,,1940000000.0,728000000.0,2760000000.0,-7000000.0,79903000000.0,44876000000.0,24564000000.0,11580000000.0,20277000000.0,8878000000.0,6516000000.0,3064000000.0,28509000000.0,21911000000.0,1552000000.0,-143000000.0,1235000000.0,93745000000.0,19009000000.0,63647000000.0,39399000000.0,,38891000000.0,508000000.0,,124000000.0,,607000000.0,,,,,,4725000000.0,30097000000.0,,,16560000000.0,,,1718000000.0,2376000000.0,140744000000.0,131184000000.0,7000000000.0,27563000000.0,101789000000.0,-5168000000.0,6073000000.0,3486000000.0,312967000000.0,273206000000.0,39761000000.0,12.70453434387651,23046000000.0,16715000000.0,5.340818680563766,1394000000.0,,107000000.0,529000000.0,250000000.0,271000000.0,36000000.0,,17838000000.0,23000000.0,3000000.0,18000000.0,290000000.0,65000000.0,,,17570000000.0,5698000000.0,32.430278884462155,11872000000.0,367000000.0,11504000000.0,3.675786904050587,12562000000.0,17570000000.0,3007000000.0,381000000.0,-2164000000.0,,-1603000000.0,-10021000000.0,-10014000000.0,57000000.0,-377000000.0,,,,,,-5000000.0,200000000.0,,,-3686000000.0,-550000000.0,,-30000000.0,,,-3000000.0,0.0,-2382000000.0,194000000.0,22953000000.0,320000000000.0,16000000000.0,16800000000.0,11000000000.0,35.0,145.26007804294673,1733.1456703771541,19388000000.0,20103000000.0,8.381296536449605,8.077176919944392,1.3234396143437077,1.7083812965364495,4.86468200270636,7.156591443530679,2.019449409141908,4.013841714941192,7.363715663312745,7.562687055154549,0.0,0.2153754113072091,464.30555555555554,97.8021875,104.46875,104.58181818181818,2.247201781657493,-4.27759497457374,-4.381084840055638,14.392146326693364,1.2939894621477663,5.5303913831170695,3.140908325585822,52.6366002210786,-32306000000.0,-43.96530051237571,6.974039575719761,8.106563634115032,0.6397096179469401,132.81324629836013,-14739000000.0,64.24762870771424,0.13849101691704674,242.88026144201612,-1.4833101529902644,137258000000.0,58.53494193757489,-791000000.0,9010.0,34735516.09322975,1855160.9322974472,"{'segments': [{'name': 'MIRAIT', 'type': 'Segment'}, {'name': 'MIRAITTECHNOLOGIES', 'type': 'Segment'}, {'name': 'Lantrovision', 'type': 'Segment'}, {'name': 'Total', 'type': 'Total'}, {'name': 'NotInclude', 'type': 'NotInclude'}, {'name': 'Reconcile', 'type': 'Reconcile'}], 'periods': [{'name': 'Prior1YearDuration', 'start_date': '2016-04-01', 'end_date': '2017-03-31'}, {'name': 'CurrentYearDuration', 'start_date': '2017-04-01', 'end_date': '2018-03-31'}, {'name': 'CurrentYearInstant', 'instant': '2018-03-31'}, {'name': 'Prior1YearInstant', 'instant': '2017-03-31'}], 'values': [{'segment': 'MIRAIT', 'period': 'Prior1YearDuration', 'net_sales': '175082000000', 'operating_income': '7323000000', 'revenues_from_external_customers': '173933000000', 'transactions_with_other_segments': '1149000000'}, {'segment': 'MIRAIT', 'period': 'CurrentYearDuration', 'net_sales': '197997000000', 'operating_income': '13623000000', 'revenues_from_external_customers': '196840000000', 'transactions_with_other_segments': '1156000000'}, {'segment': 'MIRAITTECHNOLOGIES', 'period': 'Prior1YearDuration', 'net_sales': '105686000000', 'operating_income': '1584000000', 'revenues_from_external_customers': '97248000000', 'transactions_with_other_segments': '8437000000'}, {'segment': 'MIRAITTECHNOLOGIES', 'period': 'CurrentYearDuration', 'net_sales': '107308000000', 'operating_income': '2224000000', 'revenues_from_external_customers': '100213000000', 'transactions_with_other_segments': '7095000000'}, {'segment': 'Lantrovision', 'period': 'Prior1YearDuration', 'net_sales': '12052000000', 'operating_income': '779000000', 'revenues_from_external_customers': '12052000000', 'transactions_with_other_segments': None}, {'segment': 'Lantrovision', 'period': 'CurrentYearDuration', 'net_sales': '15911000000', 'operating_income': '569000000', 'revenues_from_external_customers': '15911000000', 'transactions_with_other_segments': None}, {'segment': 'Total', 'period': 'CurrentYearDuration', 'net_sales': '321217000000', 'operating_income': '16418000000', 'revenues_from_external_customers': '312965000000', 'transactions_with_other_segments': '8251000000'}, {'segment': 'Total', 'period': 'Prior1YearDuration', 'net_sales': '292821000000', 'operating_income': '9687000000', 'revenues_from_external_customers': '283234000000', 'transactions_with_other_segments': '9587000000'}, {'segment': 'NotInclude', 'period': 'Prior1YearDuration', 'net_sales': '4213000000', 'operating_income': '2607000000', 'revenues_from_external_customers': '1000000', 'transactions_with_other_segments': '4211000000'}, {'segment': 'NotInclude', 'period': 'CurrentYearDuration', 'net_sales': '4198000000', 'operating_income': '2571000000', 'revenues_from_external_customers': '1000000', 'transactions_with_other_segments': '4196000000'}, {'segment': 'Reconcile', 'period': 'CurrentYearDuration', 'net_sales': '-12448000000', 'operating_income': '-2273000000', 'revenues_from_external_customers': None, 'transactions_with_other_segments': '-12448000000'}, {'segment': 'Reconcile', 'period': 'Prior1YearDuration', 'net_sales': '-13798000000', 'operating_income': '-2234000000', 'revenues_from_external_customers': None, 'transactions_with_other_segments': '-13798000000'}]}",12627000000.0,,2017.0,4.0,2018-06-27 14:11:00+00:00
3,株式会社ミライト・ホールディングス,代表取締役社長　鈴木  正俊,東京都江東区豊洲五丁目６番36号,2018-06-30T00:00:00.000Z,2018-08-07T13:14:00.000Z,2018-08-07T13:14:00.000Z,2018-08-01T16:00:00.000Z,【E24558】株式会社ミライト・ホールディングス 四半期報告書－第9期第1四半期(平成30年4月1日－平成30年6月30日),【14170】株式会社ミライト・ホールディングス 平成31年3月期 第1四半期決算短信〔日本基準〕（連結）  ,Japan GAAP,79195522.0,85381866.0,6186344.0,223126000000.0,134486000000.0,34052000000.0,0.0,,,,2999000000.0,,,,,,,-3000000.0,88639000000.0,51384000000.0,23742000000.0,,20277000000.0,2397000000.0,6241000000.0,2879000000.0,31013000000.0,23971000000.0,1891000000.0,-145000000.0,1258000000.0,82045000000.0,16592000000.0,51162000000.0,28501000000.0,28501000000.0,,,,36000000.0,,,,,,,,640000000.0,30882000000.0,,,16556000000.0,,,,3382000000.0,141080000000.0,130930000000.0,7000000000.0,27563000000.0,101536000000.0,-5169000000.0,6723000000.0,3426000000.0,66067000000.0,58134000000.0,7932000000.0,12.005993915267835,5950000000.0,1982000000.0,2.999984863850334,425000000.0,,21000000.0,286000000.0,43000000.0,58000000.0,0.0,,2349000000.0,184000000.0,,183000000.0,3000000.0,,,,2530000000.0,1155000000.0,45.65217391304348,1375000000.0,38000000.0,1337000000.0,2.0237032103773442,,2530000000.0,,,,,,,,,,,,,,,,,,,,,,,,,,,,,0.0,320000000000.0,16000000000.0,16800000000.0,11000000000.0,,324.6521943500795,1738.1538314754716,16000000000.0,1982000000.0,18.677989742397607,18.002002478592384,1.6847476313831646,1.6209191160445755,11.523085610820791,8.492278568001764,2.301292283551513,0.0,9.0060090514175,0.0,0.0,0.0,,20.6459375,12.3875,12.154545454545454,384.3567893199328,707.2653884964682,722.7374719521316,15.261332162096753,1.0870232581648316,0.0,,31.627052532051575,,-31.627052532051575,7.315720846956251,7.436157148875523,0.52965728590012,255.61546757048222,-17460000000.0,56.099528885667596,0.12053409272523864,262.8630624291466,-0.6790867721986699,137654000000.0,61.693392970787805,1156000000.0,,,,"{'segments': [{'name': 'MIRAIT', 'type': 'Segment'}, {'name': 'MIRAITTECHNOLOGIES', 'type': 'Segment'}, {'name': 'MIRAITSINGAPORE', 'type': 'Segment'}, {'name': 'Total', 'type': 'Total'}, {'name': 'NotInclude', 'type': 'NotInclude'}, {'name': 'Reconcile', 'type': 'Reconcile'}], 'periods': [{'name': 'CurrentYTDDuration', 'start_date': '2018-04-01', 'end_date': '2018-06-30'}, {'name': 'Prior1YTDDuration', 'start_date': '2017-04-01', 'end_date': '2017-06-30'}], 'values': [{'segment': 'MIRAIT', 'period': 'CurrentYTDDuration', 'net_sales': '39856000000', 'operating_income': '1263000000', 'revenues_from_external_customers': '39662000000', 'transactions_with_other_segments': '194000000'}, {'segment': 'MIRAIT', 'period': 'Prior1YTDDuration', 'net_sales': '36520000000', 'operating_income': '832000000', 'revenues_from_external_customers': '36297000000', 'transactions_with_other_segments': '222000000'}, {'segment': 'MIRAITTECHNOLOGIES', 'period': 'CurrentYTDDuration', 'net_sales': '24621000000', 'operating_income': '448000000', 'revenues_from_external_customers': '22969000000', 'transactions_with_other_segments': '1651000000'}, {'segment': 'MIRAITTECHNOLOGIES', 'period': 'Prior1YTDDuration', 'net_sales': '21020000000', 'operating_income': '-7000000', 'revenues_from_external_customers': '19768000000', 'transactions_with_other_segments': '1251000000'}, {'segment': 'MIRAITSINGAPORE', 'period': 'Prior1YTDDuration', 'net_sales': '3998000000', 'operating_income': '67000000', 'revenues_from_external_customers': '3998000000', 'transactions_with_other_segments': None}, {'segment': 'MIRAITSINGAPORE', 'period': 'CurrentYTDDuration', 'net_sales': '3455000000', 'operating_income': '248000000', 'revenues_from_external_customers': '3434000000', 'transactions_with_other_segments': '21000000'}, {'segment': 'Total', 'period': 'Prior1YTDDuration', 'net_sales': '61538000000', 'operating_income': '893000000', 'revenues_from_external_customers': '60064000000', 'transactions_with_other_segments': '1474000000'}, {'segment': 'Total', 'period': 'CurrentYTDDuration', 'net_sales': '67933000000', 'operating_income': '1960000000', 'revenues_from_external_customers': '66066000000', 'transactions_with_other_segments': '1867000000'}, {'segment': 'NotInclude', 'period': 'Prior1YTDDuration', 'net_sales': '2765000000', 'operating_income': '2361000000', 'revenues_from_external_customers': '0', 'transactions_with_other_segments': '2765000000'}, {'segment': 'NotInclude', 'period': 'CurrentYTDDuration', 'net_sales': '4827000000', 'operating_income': '4400000000', 'revenues_from_external_customers': '0', 'transactions_with_other_segments': '4826000000'}, {'segment': 'Reconcile', 'period': 'Prior1YTDDuration', 'net_sales': '-4240000000', 'operating_income': '-2288000000', 'revenues_from_external_customers': None, 'transactions_with_other_segments': '-4240000000'}, {'segment': 'Reconcile', 'period': 'CurrentYTDDuration', 'net_sales': '-6693000000', 'operating_income': '-4378000000', 'revenues_from_external_customers': None, 'transactions_with_other_segments': '-6693000000'}]}",,,2018.0,1.0,2018-08-07 13:14:00+00:00
4,株式会社ミライト・ホールディングス,代表取締役社長　　鈴木　正俊,東京都江東区豊洲五丁目６番36号,2018-09-30T00:00:00.000Z,2018-11-07T10:53:00.000Z,2018-11-07T10:53:00.000Z,2018-11-01T16:00:00.000Z,【E24558】株式会社ミライト・ホールディングス 四半期報告書－第9期第2四半期(平成30年7月1日－平成30年9月30日),【14170】株式会社ミライト・ホールディングス 平成31年3月期 第2四半期決算短信〔日本基準〕（連結）,Japan GAAP,79366337.0,85381866.0,6015529.0,227724000000.0,132967000000.0,30533000000.0,0.0,,,,,3246000000.0,462000000.0,,2784000000.0,,,-4000000.0,94757000000.0,56712000000.0,28710000000.0,,21142000000.0,1893000000.0,6113000000.0,2782000000.0,31931000000.0,24941000000.0,1882000000.0,-145000000.0,1258000000.0,83865000000.0,16625000000.0,52783000000.0,31007000000.0,31007000000.0,,,,73000000.0,,,,,,,,1808000000.0,31082000000.0,,,16552000000.0,,,,3551000000.0,143858000000.0,133604000000.0,7000000000.0,27832000000.0,103799000000.0,-5027000000.0,7323000000.0,2930000000.0,140358000000.0,123589000000.0,16768000000.0,11.946593710369198,11762000000.0,5006000000.0,3.5665939953547356,720000000.0,,44000000.0,292000000.0,182000000.0,38000000.0,2000000.0,,5688000000.0,551000000.0,38000000.0,496000000.0,160000000.0,,,,6078000000.0,2394000000.0,39.387956564659426,3683000000.0,83000000.0,3600000000.0,2.5648698328559827,11331000000.0,6078000000.0,1617000000.0,183000000.0,27226000000.0,,-8292000000.0,-12102000000.0,-12690000000.0,66000000.0,-264000000.0,,,,,,,749000000.0,,,-2112000000.0,,,,,,-1000000.0,,-1588000000.0,-383000000.0,24285000000.0,365000000000.0,18500000000.0,19700000000.0,13200000000.0,,323.95346656857805,1775.6646624626258,20300000000.0,6806000000.0,18.244067892824706,17.61570347024768,1.650730709104003,1.6158889645776566,11.290421738595844,8.31402766053328,2.252677594232516,8.072927798914204,8.379999715014463,9.643368320610687,0.0,0.03995205753096284,2503.0,38.45424657534247,27.05945945945946,27.272727272727273,160.04930249789822,269.5565321614063,266.66666666666663,13.407897279162494,0.9746881575692118,0.0,3.6020284382667067,34.40791613842754,-27761000000.0,-30.80588770016083,6.6284207927775425,7.300504119021271,0.5307107267411701,256.1238638114312,-13908000000.0,56.328710078248314,0.117968040417802,251.9125476005532,-0.5409357862393528,140928000000.0,61.885440269800284,-8122000000.0,,,,"{'segments': [{'name': 'MIRAIT', 'type': 'Segment'}, {'name': 'MIRAITTECHNOLOGIES', 'type': 'Segment'}, {'name': 'Lantrovision', 'type': 'Segment'}, {'name': 'Total', 'type': 'Total'}, {'name': 'NotInclude', 'type': 'NotInclude'}, {'name': 'Reconcile', 'type': 'Reconcile'}], 'periods': [{'name': 'Prior1YTDDuration', 'start_date': '2017-04-01', 'end_date': '2017-09-30'}, {'name': 'CurrentYTDDuration', 'start_date': '2018-04-01', 'end_date': '2018-09-30'}], 'values': [{'segment': 'MIRAIT', 'period': 'Prior1YTDDuration', 'net_sales': '83226000000', 'operating_income': '4290000000', 'revenues_from_external_customers': '82696000000', 'transactions_with_other_segments': '529000000'}, {'segment': 'MIRAIT', 'period': 'CurrentYTDDuration', 'net_sales': '84722000000', 'operating_income': '3703000000', 'revenues_from_external_customers': '84356000000', 'transactions_with_other_segments': '366000000'}, {'segment': 'MIRAITTECHNOLOGIES', 'period': 'CurrentYTDDuration', 'net_sales': '51047000000', 'operating_income': '862000000', 'revenues_from_external_customers': '47900000000', 'transactions_with_other_segments': '3146000000'}, {'segment': 'MIRAITTECHNOLOGIES', 'period': 'Prior1YTDDuration', 'net_sales': '44713000000', 'operating_income': '157000000', 'revenues_from_external_customers': '42031000000', 'transactions_with_other_segments': '2682000000'}, {'segment': 'Lantrovision', 'period': 'Prior1YTDDuration', 'net_sales': '7562000000', 'operating_income': '-99000000', 'revenues_from_external_customers': '7562000000', 'transactions_with_other_segments': None}, {'segment': 'Lantrovision', 'period': 'CurrentYTDDuration', 'net_sales': '8122000000', 'operating_income': '622000000', 'revenues_from_external_customers': '8100000000', 'transactions_with_other_segments': '21000000'}, {'segment': 'Total', 'period': 'Prior1YTDDuration', 'net_sales': '135502000000', 'operating_income': '4348000000', 'revenues_from_external_customers': '132290000000', 'transactions_with_other_segments': '3211000000'}, {'segment': 'Total', 'period': 'CurrentYTDDuration', 'net_sales': '143891000000', 'operating_income': '5189000000', 'revenues_from_external_customers': '140357000000', 'transactions_with_other_segments': '3534000000'}, {'segment': 'NotInclude', 'period': 'CurrentYTDDuration', 'net_sales': '5217000000', 'operating_income': '4359000000', 'revenues_from_external_customers': '0', 'transactions_with_other_segments': '5216000000'}, {'segment': 'NotInclude', 'period': 'Prior1YTDDuration', 'net_sales': '3382000000', 'operating_income': '2564000000', 'revenues_from_external_customers': '0', 'transactions_with_other_segments': '3381000000'}, {'segment': 'Reconcile', 'period': 'Prior1YTDDuration', 'net_sales': '-6593000000', 'operating_income': '-2410000000', 'revenues_from_external_customers': None, 'transactions_with_other_segments': '-6593000000'}, {'segment': 'Reconcile', 'period': 'CurrentYTDDuration', 'net_sales': '-8751000000', 'operating_income': '-4541000000', 'revenues_from_external_customers': None, 'transactions_with_other_segments': '-8751000000'}]}",,,2018.0,2.0,2018-11-07 10:53:00+00:00
5,株式会社ミライト・ホールディングス,代表取締役社長　鈴木　正俊,東京都江東区豊洲五丁目６番36号,2018-12-31T00:00:00.000Z,2019-02-08T10:00:00.000Z,2019-02-08T10:00:00.000Z,2019-02-04T16:00:00.000Z,【E24558】株式会社ミライト・ホールディングス 四半期報告書－第9期第3四半期(平成30年10月1日－平成30年12月31日),【14170】株式会社ミライト・ホールディングス 平成31年3月期 第3四半期決算短信〔日本基準〕（連結）,Japan GAAP,88324674.0,93171844.0,4847170.0,257499000000.0,155602000000.0,31261000000.0,0.0,,,,,,,,,,,-6000000.0,101897000000.0,63984000000.0,30621000000.0,,23922000000.0,2527000000.0,6614000000.0,2917000000.0,31297000000.0,23261000000.0,2849000000.0,-175000000.0,1295000000.0,95595000000.0,20828000000.0,60665000000.0,35671000000.0,35671000000.0,,,,4280000000.0,,,,,,,,1337000000.0,34930000000.0,,,16548000000.0,,,,2946000000.0,161903000000.0,154746000000.0,7000000000.0,45529000000.0,107306000000.0,-5089000000.0,4323000000.0,2833000000.0,230051000000.0,201752000000.0,28299000000.0,12.301185389326715,18438000000.0,9860000000.0,4.286006146463175,1147000000.0,,72000000.0,599000000.0,216000000.0,158000000.0,7000000.0,,10850000000.0,2568000000.0,817000000.0,615000000.0,265000000.0,3000000.0,,,13153000000.0,4331000000.0,32.92784915988748,8822000000.0,94000000.0,8727000000.0,3.7935066572194867,,13153000000.0,,,,,,,,,,,,,,,,,,,,,,,,,,,,,0.0,365000000000.0,18500000000.0,19700000000.0,13200000000.0,,291.096460769275,1800.969002161276,18500000000.0,9860000000.0,16.163324322625257,15.662254277864752,1.45985421302607,1.618777896523543,9.984893145216098,7.281348319603332,2.221026566920224,0.0,8.014744556641789,0.0,0.0,0.07099391480730223,1408.5714285714287,63.02767123287671,53.2972972972973,66.11363636363636,58.660470939052644,87.62677484787018,51.254726710209695,12.140241321325519,0.9979277009717725,0.0,,39.58347394374975,,-39.58347394374975,5.875078144536134,8.08857510126253,0.6648807829512836,320.8750577723001,-10433000000.0,57.24525725783271,0.13093606588294462,256.49385972142096,-0.40577962739683404,159070000000.0,61.77499718445508,6424000000.0,,,,"{'segments': [{'name': 'MIRAIT', 'type': 'Segment'}, {'name': 'MIRAITTECHNOLOGIES', 'type': 'Segment'}, {'name': 'Lantrovision', 'type': 'Segment'}, {'name': 'Total', 'type': 'Total'}, {'name': 'TTK', 'type': 'Segment'}, {'name': 'NotInclude', 'type': 'NotInclude'}, {'name': 'Reconcile', 'type': 'Reconcile'}], 'periods': [{'name': 'Prior1YTDDuration', 'start_date': '2017-04-01', 'end_date': '2017-12-31'}, {'name': 'CurrentYTDDuration', 'start_date': '2018-04-01', 'end_date': '2018-12-31'}], 'values': [{'segment': 'MIRAIT', 'period': 'Prior1YTDDuration', 'net_sales': '129805000000', 'operating_income': '7505000000', 'revenues_from_external_customers': '129008000000', 'transactions_with_other_segments': '796000000'}, {'segment': 'MIRAIT', 'period': 'CurrentYTDDuration', 'net_sales': '132068000000', 'operating_income': '6367000000', 'revenues_from_external_customers': '131330000000', 'transactions_with_other_segments': '738000000'}, {'segment': 'MIRAITTECHNOLOGIES', 'period': 'CurrentYTDDuration', 'net_sales': '82834000000', 'operating_income': '2423000000', 'revenues_from_external_customers': '77832000000', 'transactions_with_other_segments': '5002000000'}, {'segment': 'MIRAITTECHNOLOGIES', 'period': 'Prior1YTDDuration', 'net_sales': '70997000000', 'operating_income': '831000000', 'revenues_from_external_customers': '66453000000', 'transactions_with_other_segments': '4544000000'}, {'segment': 'Lantrovision', 'period': 'Prior1YTDDuration', 'net_sales': '11138000000', 'operating_income': '137000000', 'revenues_from_external_customers': '11138000000', 'transactions_with_other_segments': None}, {'segment': 'Lantrovision', 'period': 'CurrentYTDDuration', 'net_sales': '13244000000', 'operating_income': '700000000', 'revenues_from_external_customers': '13222000000', 'transactions_with_other_segments': '21000000'}, {'segment': 'Total', 'period': 'Prior1YTDDuration', 'net_sales': '211941000000', 'operating_income': '8474000000', 'revenues_from_external_customers': '206600000000', 'transactions_with_other_segments': '5340000000'}, {'segment': 'TTK', 'period': 'CurrentYTDDuration', 'net_sales': '7766000000', 'operating_income': '600000000', 'revenues_from_external_customers': '7665000000', 'transactions_with_other_segments': '101000000'}, {'segment': 'NotInclude', 'period': 'Prior1YTDDuration', 'net_sales': '3793000000', 'operating_income': '2684000000', 'revenues_from_external_customers': '1000000', 'transactions_with_other_segments': '3792000000'}, {'segment': 'Total', 'period': 'CurrentYTDDuration', 'net_sales': '235913000000', 'operating_income': '10091000000', 'revenues_from_external_customers': '230050000000', 'transactions_with_other_segments': '5863000000'}, {'segment': 'NotInclude', 'period': 'CurrentYTDDuration', 'net_sales': '5672000000', 'operating_income': '4380000000', 'revenues_from_external_customers': '1000000', 'transactions_with_other_segments': '5671000000'}, {'segment': 'Reconcile', 'period': 'Prior1YTDDuration', 'net_sales': '-9133000000', 'operating_income': '-2505000000', 'revenues_from_external_customers': None, 'transactions_with_other_segments': '-9133000000'}, {'segment': 'Reconcile', 'period': 'CurrentYTDDuration', 'net_sales': '-11534000000', 'operating_income': '-4611000000', 'revenues_from_external_customers': None, 'transactions_with_other_segments': '-11534000000'}]}",,,2018.0,3.0,2019-02-08 10:00:00+00:00
6,株式会社ミライト・ホールディングス,代表取締役社長　鈴木　正俊,東京都江東区豊洲五丁目６番36号,2019-03-31T00:00:00.000Z,2019-06-26T10:39:00.000Z,2019-06-26T10:39:00.000Z,2019-05-09T16:30:00.000Z,【E24558】株式会社ミライト・ホールディングス 有価証券報告書－第9期(平成30年4月1日－平成31年3月31日),【14170】株式会社ミライト・ホールディングス 2019年3月期 決算短信〔日本基準〕（連結）,Japan GAAP,101578764.0,108325329.0,6746565.0,331462000000.0,211085000000.0,38206000000.0,6697000000.0,,1462000000.0,5235000000.0,,4461000000.0,701000000.0,,3760000000.0,1018000000.0,,-58000000.0,120376000000.0,78840000000.0,53517000000.0,15129000000.0,31707000000.0,699000000.0,7058000000.0,3220000000.0,34476000000.0,27123000000.0,1835000000.0,-144000000.0,1337000000.0,131903000000.0,29977000000.0,88908000000.0,50894000000.0,,49366000000.0,1528000000.0,,3602000000.0,,2958000000.0,,,,,,4667000000.0,42994000000.0,,,16544000000.0,,,6873000000.0,1285000000.0,199559000000.0,193163000000.0,7000000000.0,71559000000.0,124287000000.0,-9684000000.0,3272000000.0,3123000000.0,375911000000.0,328923000000.0,46988000000.0,12.499767232137394,26289000000.0,20699000000.0,5.5063565578022455,1485000000.0,,108000000.0,629000000.0,272000000.0,192000000.0,17000000.0,,21992000000.0,12514000000.0,821000000.0,1225000000.0,946000000.0,23000000.0,2000000.0,,33560000000.0,7600000000.0,22.64600715137068,25959000000.0,248000000.0,25711000000.0,6.839650874808132,6491000000.0,33560000000.0,4085000000.0,399000000.0,-25931000000.0,,3975000000.0,-13523000000.0,-16153000000.0,1136000000.0,-806000000.0,,,,,,-23000000.0,1660000000.0,,,-1928000000.0,2890000000.0,,-248000000.0,,,-4000000.0,,-3182000000.0,-412000000.0,23450000000.0,430000000000.0,21500000000.0,23000000000.0,15000000000.0,40.0,253.11392841913295,1933.8293976485086,25984000000.0,25183000000.0,13.088741371235416,12.47380166893072,1.13409983648201,1.68737909548148,7.756846938713941,5.785445182034601,2.0684347879207476,1.7267385099132508,6.9934106743351485,8.6937090320933,0.0,0.08212957147688293,1217.5882352941176,87.42116279069768,96.27441860465116,171.40666666666667,14.38877819483868,3.8697521619401876,-41.65921201042355,11.526509826164085,1.2196291143382343,6.502616310775689,4.950292317654892,56.476166154388714,-39736000000.0,-45.02325752595813,4.7680238457635715,9.043872299087074,0.9569392755200034,461.8240640887382,-8229000000.0,63.03819004697887,0.1526044105968356,237.41957979034507,-0.3200575629108164,196436000000.0,59.263505318860076,7652000000.0,12361.0,30411050.88585066,1674540.8947496158,"{'segments': [{'name': 'MIRAIT', 'type': 'Segment'}, {'name': 'MIRAITTECHNOLOGIES', 'type': 'Segment'}, {'name': 'Lantrovision', 'type': 'Segment'}, {'name': 'TTK', 'type': 'Segment'}, {'name': 'SOLCOM', 'type': 'Segment'}, {'name': 'Shikokutsuken', 'type': 'Segment'}, {'name': 'NotInclude', 'type': 'NotInclude'}, {'name': 'Total', 'type': 'Total'}, {'name': 'Reconcile', 'type': 'Reconcile'}], 'periods': [{'name': 'CurrentYearInstant', 'instant': '2019-03-31'}, {'name': 'CurrentYearDuration', 'start_date': '2018-04-01', 'end_date': '2019-03-31'}, {'name': 'Prior1YearDuration', 'start_date': '2017-04-01', 'end_date': '2018-03-31'}, {'name': 'Prior1YearInstant', 'instant': '2018-03-31'}], 'values': [{'segment': 'MIRAIT', 'period': 'CurrentYearDuration', 'net_sales': '202752000000', 'operating_income': '12716000000', 'revenues_from_external_customers': '201622000000', 'transactions_with_other_segments': '1130000000'}, {'segment': 'MIRAITTECHNOLOGIES', 'period': 'CurrentYearDuration', 'net_sales': '119214000000', 'operating_income': '3899000000', 'revenues_from_external_customers': '110581000000', 'transactions_with_other_segments': '8633000000'}, {'segment': 'TTK', 'period': 'CurrentYearDuration', 'net_sales': '22397000000', 'operating_income': '1613000000', 'revenues_from_external_customers': '22208000000', 'transactions_with_other_segments': '189000000'}, {'segment': 'SOLCOM', 'period': 'CurrentYearDuration', 'net_sales': '13754000000', 'operating_income': '808000000', 'revenues_from_external_customers': '13671000000', 'transactions_with_other_segments': '82000000'}, {'segment': 'MIRAIT', 'period': 'Prior1YearDuration', 'net_sales': '197997000000', 'operating_income': '13623000000', 'revenues_from_external_customers': '196840000000', 'transactions_with_other_segments': '1156000000'}, {'segment': 'NotInclude', 'period': 'CurrentYearDuration', 'net_sales': '6118000000', 'operating_income': '4383000000', 'revenues_from_external_customers': '1000000', 'transactions_with_other_segments': '6116000000'}, {'segment': 'MIRAITTECHNOLOGIES', 'period': 'Prior1YearDuration', 'net_sales': '107308000000', 'operating_income': '2224000000', 'revenues_from_external_customers': '100213000000', 'transactions_with_other_segments': '7095000000'}, {'segment': 'Lantrovision', 'period': 'Prior1YearDuration', 'net_sales': '15911000000', 'operating_income': '569000000', 'revenues_from_external_customers': '15911000000', 'transactions_with_other_segments': None}, {'segment': 'Total', 'period': 'Prior1YearDuration', 'net_sales': '321217000000', 'operating_income': '16418000000', 'revenues_from_external_customers': '312965000000', 'transactions_with_other_segments': '8251000000'}, {'segment': 'NotInclude', 'period': 'Prior1YearDuration', 'net_sales': '4198000000', 'operating_income': '2571000000', 'revenues_from_external_customers': '1000000', 'transactions_with_other_segments': '4196000000'}, {'segment': 'Lantrovision', 'period': 'CurrentYearDuration', 'net_sales': '18147000000', 'operating_income': '1239000000', 'revenues_from_external_customers': '18147000000', 'transactions_with_other_segments': None}, {'segment': 'Reconcile', 'period': 'CurrentYearDuration', 'net_sales': '-16193000000', 'operating_income': '-4541000000', 'revenues_from_external_customers': None, 'transactions_with_other_segments': '-16193000000'}, {'segment': 'Reconcile', 'period': 'Prior1YearDuration', 'net_sales': '-12448000000', 'operating_income': '-2273000000', 'revenues_from_external_customers': None, 'transactions_with_other_segments': '-12448000000'}, {'segment': 'Shikokutsuken', 'period': 'CurrentYearDuration', 'net_sales': '9719000000', 'operating_income': '580000000', 'revenues_from_external_customers': '9679000000', 'transactions_with_other_segments': '40000000'}, {'segment': 'Total', 'period': 'CurrentYearDuration', 'net_sales': '385986000000', 'operating_income': '20857000000', 'revenues_from_external_customers': '375910000000', 'transactions_with_other_segments': '10076000000'}]}",19346000000.0,,2018.0,4.0,2019-06-26 10:39:00+00:00
7,株式会社ミライト・ホールディングス,代表取締役社長　鈴木  正俊,東京都江東区豊洲五丁目６番36号,2019-06-30T00:00:00.000Z,2019-08-07T10:17:00.000Z,2019-08-07T10:17:00.000Z,2019-08-01T16:00:00.000Z,【E24558】株式会社ミライト・ホールディングス 四半期報告書－第10期第1四半期(平成31年4月1日－令和1年6月30日),【14170】株式会社ミライト・ホールディングス 2020年3月期　第1四半期決算短信[日本基準]（連結）,Japan GAAP,100660785.0,108325329.0,7664544.0,308016000000.0,185563000000.0,57095000000.0,0.0,,,,,,,,,,,-55000000.0,122453000000.0,79613000000.0,37622000000.0,,31523000000.0,809000000.0,6945000000.0,3119000000.0,35894000000.0,28019000000.0,,-163000000.0,1360000000.0,110347000000.0,27150000000.0,66762000000.0,40516000000.0,40516000000.0,,,,453000000.0,,3254000000.0,,,,,,860000000.0,43584000000.0,,,16539000000.0,,,6904000000.0,,197669000000.0,190504000000.0,7000000000.0,71613000000.0,123160000000.0,-11269000000.0,4073000000.0,3092000000.0,83344000000.0,74690000000.0,8654000000.0,10.383470915722787,7481000000.0,1173000000.0,1.4074198502591668,621000000.0,,29000000.0,466000000.0,14000000.0,84000000.0,9000000.0,,1709000000.0,394000000.0,394000000.0,,57000000.0,,,,2046000000.0,1133000000.0,55.376344086021504,913000000.0,2000000.0,910000000.0,1.0918602418890382,,2046000000.0,,,,,,,,,,,,,,,,,,,,,,,,,,,,,0.0,430000000000.0,21500000000.0,23000000000.0,15000000000.0,,151.2008872174005,1932.9970454730708,21500000000.0,1173000000.0,7.822096136747921,7.393876975991761,1.432282738559036,1.5830031298663254,4.941301750558413,6.42321413269471,2.0693254598436606,0.0,8.97605106546362,0.0,0.0,0.7672634271099744,130.33333333333334,19.38232558139535,5.455813953488372,6.066666666666666,415.933960453062,1732.9070758738278,1548.3516483516482,18.536374733780065,1.5530208583617051,0.0,,38.01717777532128,,-38.01717777532128,5.541381432680592,8.814477170017142,0.7384975270079742,342.1118951612903,-29945000000.0,52.81327475136165,0.13953344948272406,277.94703573889336,-1.9674770039421814,194577000000.0,63.171069035374785,573000000.0,,,,"{'segments': [{'name': 'MIRAIT', 'type': 'Segment'}, {'name': 'NotInclude', 'type': 'NotInclude'}, {'name': 'MIRAITTECHNOLOGIES', 'type': 'Segment'}, {'name': 'Lantrovision', 'type': 'Segment'}, {'name': 'Total', 'type': 'Total'}, {'name': 'Reconcile', 'type': 'Reconcile'}, {'name': 'TTK', 'type': 'Segment'}, {'name': 'SOLCOM', 'type': 'Segment'}, {'name': 'Shikokutsuken', 'type': 'Segment'}], 'periods': [{'name': 'Prior1YTDDuration', 'start_date': '2018-04-01', 'end_date': '2018-06-30'}, {'name': 'CurrentYTDDuration', 'start_date': '2019-04-01', 'end_date': '2019-06-30'}], 'values': [{'segment': 'MIRAIT', 'period': 'Prior1YTDDuration', 'net_sales': '39856000000', 'operating_income': '1263000000', 'revenues_from_external_customers': '39662000000', 'transactions_with_other_segments': '194000000'}, {'segment': 'MIRAIT', 'period': 'CurrentYTDDuration', 'net_sales': '38853000000', 'operating_income': '841000000', 'revenues_from_external_customers': '38619000000', 'transactions_with_other_segments': '234000000'}, {'segment': 'NotInclude', 'period': 'CurrentYTDDuration', 'net_sales': '7247000000', 'operating_income': '6787000000', 'revenues_from_external_customers': '0', 'transactions_with_other_segments': '7246000000'}, {'segment': 'MIRAITTECHNOLOGIES', 'period': 'Prior1YTDDuration', 'net_sales': '24621000000', 'operating_income': '448000000', 'revenues_from_external_customers': '22969000000', 'transactions_with_other_segments': '1651000000'}, {'segment': 'MIRAITTECHNOLOGIES', 'period': 'CurrentYTDDuration', 'net_sales': '25766000000', 'operating_income': '431000000', 'revenues_from_external_customers': '24404000000', 'transactions_with_other_segments': '1362000000'}, {'segment': 'Lantrovision', 'period': 'Prior1YTDDuration', 'net_sales': '3455000000', 'operating_income': '248000000', 'revenues_from_external_customers': '3434000000', 'transactions_with_other_segments': '21000000'}, {'segment': 'Total', 'period': 'Prior1YTDDuration', 'net_sales': '67933000000', 'operating_income': '1960000000', 'revenues_from_external_customers': '66066000000', 'transactions_with_other_segments': '1867000000'}, {'segment': 'NotInclude', 'period': 'Prior1YTDDuration', 'net_sales': '4827000000', 'operating_income': '4400000000', 'revenues_from_external_customers': '0', 'transactions_with_other_segments': '4826000000'}, {'segment': 'Lantrovision', 'period': 'CurrentYTDDuration', 'net_sales': '3992000000', 'operating_income': '132000000', 'revenues_from_external_customers': '3992000000', 'transactions_with_other_segments': None}, {'segment': 'Reconcile', 'period': 'CurrentYTDDuration', 'net_sales': '-8965000000', 'operating_income': '-6736000000', 'revenues_from_external_customers': None, 'transactions_with_other_segments': '-8965000000'}, {'segment': 'TTK', 'period': 'CurrentYTDDuration', 'net_sales': '6966000000', 'operating_income': '264000000', 'revenues_from_external_customers': '6885000000', 'transactions_with_other_segments': '80000000'}, {'segment': 'Reconcile', 'period': 'Prior1YTDDuration', 'net_sales': '-6693000000', 'operating_income': '-4378000000', 'revenues_from_external_customers': None, 'transactions_with_other_segments': '-6693000000'}, {'segment': 'SOLCOM', 'period': 'CurrentYTDDuration', 'net_sales': '6610000000', 'operating_income': '-383000000', 'revenues_from_external_customers': '6588000000', 'transactions_with_other_segments': '22000000'}, {'segment': 'Shikokutsuken', 'period': 'CurrentYTDDuration', 'net_sales': '2872000000', 'operating_income': '-163000000', 'revenues_from_external_customers': '2854000000', 'transactions_with_other_segments': '18000000'}, {'segment': 'Total', 'period': 'CurrentYTDDuration', 'net_sales': '85063000000', 'operating_income': '1121000000', 'revenues_from_external_customers': '83344000000', 'transactions_with_other_segments': '1718000000'}]}",,,2019.0,1.0,2019-08-07 10:17:00+00:00
8,株式会社ミライト・ホールディングス,代表取締役社長　　鈴木　正俊,東京都江東区豊洲五丁目６番36号,2019-09-30T00:00:00.000Z,2019-11-08T13:45:00.000Z,2019-11-08T13:45:00.000Z,2019-11-01T16:00:00.000Z,【E24558】株式会社ミライト・ホールディングス 四半期報告書－第10期第2四半期(令和1年7月1日－令和1年9月30日),【14170】株式会社ミライト・ホールディングス 2020年3月期第2四半期決算短信〔日本基準〕(連結),Japan GAAP,95923286.0,108325329.0,12402043.0,306776000000.0,181719000000.0,35035000000.0,0.0,,,,,7763000000.0,2017000000.0,,5746000000.0,,,-51000000.0,125056000000.0,81872000000.0,38130000000.0,,32795000000.0,1086000000.0,6689000000.0,2941000000.0,36494000000.0,28736000000.0,,-168000000.0,1365000000.0,114466000000.0,26173000000.0,71017000000.0,46539000000.0,46539000000.0,,,,515000000.0,,3154000000.0,,,,,,1494000000.0,43448000000.0,,,15548000000.0,,,6956000000.0,,192310000000.0,185174000000.0,7000000000.0,71488000000.0,125595000000.0,-18909000000.0,4075000000.0,3060000000.0,182973000000.0,163376000000.0,19597000000.0,10.71032338104529,14638000000.0,4958000000.0,2.709689407726823,859000000.0,,57000000.0,484000000.0,55000000.0,230000000.0,22000000.0,,5587000000.0,436000000.0,398000000.0,38000000.0,76000000.0,,,,5948000000.0,2504000000.0,42.09818426361802,3443000000.0,90000000.0,3352000000.0,1.8319642788826769,19316000000.0,5948000000.0,2875000000.0,245000000.0,42194000000.0,,-4301000000.0,-5509000000.0,-6353000000.0,595000000.0,-369000000.0,,,,,,,86000000.0,,,-16326000000.0,,,,,,-10455000000.0,,-2034000000.0,-161000000.0,26038000000.0,430000000000.0,21500000000.0,23000000000.0,15000000000.0,,158.66845929360676,1972.9307438446176,24620000000.0,8078000000.0,8.04227212681638,7.311718445995609,1.4380720786502204,1.621009247027741,4.961274675985083,6.611178936325277,2.0274406552179656,10.556748809933707,8.000087444595652,14.670612848905446,0.0,0.44372730939895116,225.36363636363637,42.55186046511628,23.06046511627907,22.346666666666668,135.00735081132186,333.64259782170234,347.49403341288786,11.420384906250815,0.9529746172642497,0.0,7.284217372638442,43.66870955883298,-38776000000.0,-36.384492186194535,5.388484463552863,8.531632200693666,0.711922496293912,329.8009072580645,-8862000000.0,54.19304134571227,0.1382985468956407,255.88098624273061,-0.5822601839684626,189250000000.0,61.68996270894724,-16324000000.0,,,,"{'segments': [{'name': 'MIRAIT', 'type': 'Segment'}, {'name': 'MIRAITTECHNOLOGIES', 'type': 'Segment'}, {'name': 'NotInclude', 'type': 'NotInclude'}, {'name': 'Lantrovision', 'type': 'Segment'}, {'name': 'Total', 'type': 'Total'}, {'name': 'Reconcile', 'type': 'Reconcile'}, {'name': 'TTK', 'type': 'Segment'}, {'name': 'SOLCOM', 'type': 'Segment'}, {'name': 'Shikokutsuken', 'type': 'Segment'}], 'periods': [{'name': 'CurrentYTDDuration', 'start_date': '2019-04-01', 'end_date': '2019-09-30'}, {'name': 'Prior1YTDDuration', 'start_date': '2018-04-01', 'end_date': '2018-09-30'}], 'values': [{'segment': 'MIRAIT', 'period': 'CurrentYTDDuration', 'net_sales': '86298000000', 'operating_income': '2960000000', 'revenues_from_external_customers': '85767000000', 'transactions_with_other_segments': '530000000'}, {'segment': 'MIRAIT', 'period': 'Prior1YTDDuration', 'net_sales': '84722000000', 'operating_income': '3703000000', 'revenues_from_external_customers': '84356000000', 'transactions_with_other_segments': '366000000'}, {'segment': 'MIRAITTECHNOLOGIES', 'period': 'Prior1YTDDuration', 'net_sales': '51047000000', 'operating_income': '862000000', 'revenues_from_external_customers': '47900000000', 'transactions_with_other_segments': '3146000000'}, {'segment': 'NotInclude', 'period': 'CurrentYTDDuration', 'net_sales': '7669000000', 'operating_income': '6749000000', 'revenues_from_external_customers': '1000000', 'transactions_with_other_segments': '7668000000'}, {'segment': 'MIRAITTECHNOLOGIES', 'period': 'CurrentYTDDuration', 'net_sales': '54251000000', 'operating_income': '1254000000', 'revenues_from_external_customers': '51265000000', 'transactions_with_other_segments': '2986000000'}, {'segment': 'Lantrovision', 'period': 'Prior1YTDDuration', 'net_sales': '8122000000', 'operating_income': '622000000', 'revenues_from_external_customers': '8100000000', 'transactions_with_other_segments': '21000000'}, {'segment': 'Total', 'period': 'Prior1YTDDuration', 'net_sales': '143891000000', 'operating_income': '5189000000', 'revenues_from_external_customers': '140357000000', 'transactions_with_other_segments': '3534000000'}, {'segment': 'NotInclude', 'period': 'Prior1YTDDuration', 'net_sales': '5217000000', 'operating_income': '4359000000', 'revenues_from_external_customers': '0', 'transactions_with_other_segments': '5216000000'}, {'segment': 'Lantrovision', 'period': 'CurrentYTDDuration', 'net_sales': '8066000000', 'operating_income': '281000000', 'revenues_from_external_customers': '8066000000', 'transactions_with_other_segments': None}, {'segment': 'Reconcile', 'period': 'CurrentYTDDuration', 'net_sales': '-11454000000', 'operating_income': '-6708000000', 'revenues_from_external_customers': None, 'transactions_with_other_segments': '-11454000000'}, {'segment': 'Reconcile', 'period': 'Prior1YTDDuration', 'net_sales': '-8751000000', 'operating_income': '-4541000000', 'revenues_from_external_customers': None, 'transactions_with_other_segments': '-8751000000'}, {'segment': 'TTK', 'period': 'CurrentYTDDuration', 'net_sales': '14245000000', 'operating_income': '630000000', 'revenues_from_external_customers': '14060000000', 'transactions_with_other_segments': '184000000'}, {'segment': 'SOLCOM', 'period': 'CurrentYTDDuration', 'net_sales': '15305000000', 'operating_income': '-285000000', 'revenues_from_external_customers': '15260000000', 'transactions_with_other_segments': '45000000'}, {'segment': 'Shikokutsuken', 'period': 'CurrentYTDDuration', 'net_sales': '8589000000', 'operating_income': '76000000', 'revenues_from_external_customers': '8550000000', 'transactions_with_other_segments': '38000000'}, {'segment': 'Total', 'period': 'CurrentYTDDuration', 'net_sales': '186758000000', 'operating_income': '4918000000', 'revenues_from_external_customers': '182972000000', 'transactions_with_other_segments': '3785000000'}]}",,,2019.0,2.0,2019-11-08 13:45:00+00:00
9,株式会社ミライト・ホールディングス,代表取締役社長　鈴木　正俊,東京都江東区豊洲五丁目６番36号,2019-12-31T00:00:00.000Z,2020-02-10T13:31:00.000Z,2020-02-10T13:31:00.000Z,2020-02-04T16:00:00.000Z,【E24558】株式会社ミライト・ホールディングス 四半期報告書－第10期第3四半期(令和1年10月1日－令和1年12月31日),【14170】株式会社ミライト・ホールディングス 2020年3月期第3四半期決算短信〔日本基準〕(連結),Japan GAAP,107369275.0,108325329.0,956054.0,318675000000.0,190768000000.0,33340000000.0,0.0,,,,,,,,,,,-389000000.0,127906000000.0,82289000000.0,39226000000.0,,32806000000.0,611000000.0,6644000000.0,2981000000.0,38972000000.0,31185000000.0,,-166000000.0,1382000000.0,108423000000.0,20251000000.0,79931000000.0,47011000000.0,47011000000.0,,,,10530000000.0,,3129000000.0,,,,,,733000000.0,28492000000.0,,,,,,6592000000.0,,210251000000.0,201723000000.0,7000000000.0,69474000000.0,126630000000.0,-1381000000.0,5399000000.0,3128000000.0,288507000000.0,257268000000.0,31239000000.0,10.827813536586634,22175000000.0,9064000000.0,3.14169153608058,1501000000.0,,81000000.0,905000000.0,69000000.0,204000000.0,36000000.0,,10362000000.0,429000000.0,402000000.0,26000000.0,162000000.0,,,,10629000000.0,4153000000.0,39.07234923322984,6476000000.0,171000000.0,6304000000.0,2.1850423039995563,,10629000000.0,,,,,,,,,,,,,,,,,,,,,,,,,,,,,0.0,430000000000.0,21500000000.0,23000000000.0,15000000000.0,,141.75377453186678,1929.071421968715,21500000000.0,9064000000.0,7.348290629239631,7.29962015117216,1.384375931591747,1.538578525803508,4.776025731544677,6.263688900226059,2.07353649763667,0.0,7.686122000506053,0.0,0.0,0.39717563989408644,251.77777777777777,67.0946511627907,42.15813953488372,42.026666666666664,49.04317746189868,137.2021182700794,137.94416243654823,10.462069506550561,0.90686952303668,0.0,,44.11159898300989,,-44.11159898300989,5.361178286283708,6.354750137287205,0.5508402732758191,255.1789314516129,-13089000000.0,51.23185529598548,0.09777282098076988,238.66584929501698,-0.8599868593955322,207123000000.0,64.99505766062603,6037000000.0,,,,"{'segments': [{'name': 'MIRAIT', 'type': 'Segment'}, {'name': 'MIRAITTECHNOLOGIES', 'type': 'Segment'}, {'name': 'NotInclude', 'type': 'NotInclude'}, {'name': 'Lantrovision', 'type': 'Segment'}, {'name': 'TTK', 'type': 'Segment'}, {'name': 'Total', 'type': 'Total'}, {'name': 'Reconcile', 'type': 'Reconcile'}, {'name': 'SOLCOM', 'type': 'Segment'}, {'name': 'Shikokutsuken', 'type': 'Segment'}], 'periods': [{'name': 'Prior1YTDDuration', 'start_date': '2018-04-01', 'end_date': '2018-12-31'}, {'name': 'CurrentYTDDuration', 'start_date': '2019-04-01', 'end_date': '2019-12-31'}], 'values': [{'segment': 'MIRAIT', 'period': 'Prior1YTDDuration', 'net_sales': '132068000000', 'operating_income': '6367000000', 'revenues_from_external_customers': '131330000000', 'transactions_with_other_segments': '738000000'}, {'segment': 'MIRAIT', 'period': 'CurrentYTDDuration', 'net_sales': '133660000000', 'operating_income': '5189000000', 'revenues_from_external_customers': '132949000000', 'transactions_with_other_segments': '710000000'}, {'segment': 'MIRAITTECHNOLOGIES', 'period': 'Prior1YTDDuration', 'net_sales': '82834000000', 'operating_income': '2423000000', 'revenues_from_external_customers': '77832000000', 'transactions_with_other_segments': '5002000000'}, {'segment': 'NotInclude', 'period': 'CurrentYTDDuration', 'net_sales': '8102000000', 'operating_income': '6738000000', 'revenues_from_external_customers': '1000000', 'transactions_with_other_segments': '8100000000'}, {'segment': 'MIRAITTECHNOLOGIES', 'period': 'CurrentYTDDuration', 'net_sales': '87373000000', 'operating_income': '1843000000', 'revenues_from_external_customers': '82393000000', 'transactions_with_other_segments': '4979000000'}, {'segment': 'Lantrovision', 'period': 'Prior1YTDDuration', 'net_sales': '13244000000', 'operating_income': '700000000', 'revenues_from_external_customers': '13222000000', 'transactions_with_other_segments': '21000000'}, {'segment': 'TTK', 'period': 'Prior1YTDDuration', 'net_sales': '7766000000', 'operating_income': '600000000', 'revenues_from_external_customers': '7665000000', 'transactions_with_other_segments': '101000000'}, {'segment': 'Lantrovision', 'period': 'CurrentYTDDuration', 'net_sales': '12813000000', 'operating_income': '229000000', 'revenues_from_external_customers': '12813000000', 'transactions_with_other_segments': None}, {'segment': 'Total', 'period': 'Prior1YTDDuration', 'net_sales': '235913000000', 'operating_income': '10091000000', 'revenues_from_external_customers': '230050000000', 'transactions_with_other_segments': '5863000000'}, {'segment': 'Reconcile', 'period': 'CurrentYTDDuration', 'net_sales': '-14200000000', 'operating_income': '-6696000000', 'revenues_from_external_customers': None, 'transactions_with_other_segments': '-14200000000'}, {'segment': 'NotInclude', 'period': 'Prior1YTDDuration', 'net_sales': '5672000000', 'operating_income': '4380000000', 'revenues_from_external_customers': '1000000', 'transactions_with_other_segments': '5671000000'}, {'segment': 'TTK', 'period': 'CurrentYTDDuration', 'net_sales': '22692000000', 'operating_income': '1252000000', 'revenues_from_external_customers': '22406000000', 'transactions_with_other_segments': '286000000'}, {'segment': 'Reconcile', 'period': 'Prior1YTDDuration', 'net_sales': '-11534000000', 'operating_income': '-4611000000', 'revenues_from_external_customers': None, 'transactions_with_other_segments': '-11534000000'}, {'segment': 'SOLCOM', 'period': 'CurrentYTDDuration', 'net_sales': '23697000000', 'operating_income': '-157000000', 'revenues_from_external_customers': '23633000000', 'transactions_with_other_segments': '63000000'}, {'segment': 'Shikokutsuken', 'period': 'CurrentYTDDuration', 'net_sales': '14368000000', 'operating_income': '664000000', 'revenues_from_external_customers': '14309000000', 'transactions_with_other_segments': '59000000'}, {'segment': 'Total', 'period': 'CurrentYTDDuration', 'net_sales': '294605000000', 'operating_income': '9022000000', 'revenues_from_external_customers': '288505000000', 'transactions_with_other_segments': '6099000000'}]}",,,2019.0,3.0,2020-02-10 13:31:00+00:00
10,株式会社ミライト・ホールディングス,代表取締役社長　中山　俊樹,東京都江東区豊洲五丁目６番36号,2020-03-31T00:00:00.000Z,2020-06-25T11:01:00.000Z,2020-06-25T11:01:00.000Z,2020-05-08T16:00:00.000Z,有価証券報告書－第10期(平成31年4月1日－令和2年3月31日),【14170】株式会社ミライト・ホールディングス 2020年3月期 決算短信〔日本基準〕（連結） ,Japan GAAP,107366939.0,108325329.0,958390.0,352134000000.0,225712000000.0,33543000000.0,9669000000.0,,1412000000.0,8257000000.0,,6390000000.0,1452000000.0,,4938000000.0,1230000000.0,,-96000000.0,126422000000.0,82596000000.0,56618000000.0,16997000000.0,32806000000.0,1383000000.0,6711000000.0,2921000000.0,37114000000.0,30139000000.0,,-147000000.0,1385000000.0,133424000000.0,27767000000.0,104738000000.0,58737000000.0,,57199000000.0,1538000000.0,,16789000000.0,,3371000000.0,,,,,,3281000000.0,28685000000.0,,,,,,7607000000.0,,218710000000.0,210559000000.0,7000000000.0,69399000000.0,135546000000.0,-1386000000.0,4863000000.0,3287000000.0,441166000000.0,388991000000.0,52174000000.0,11.826387346259684,30181000000.0,21993000000.0,4.985198315373352,1716000000.0,,158000000.0,906000000.0,47000000.0,501000000.0,54000000.0,,23207000000.0,463000000.0,406000000.0,56000000.0,338000000.0,4000000.0,40000000.0,,23332000000.0,7751000000.0,33.22046974112806,15581000000.0,360000000.0,15220000000.0,3.449948545445478,7936000000.0,23332000000.0,5897000000.0,499000000.0,-13738000000.0,,7361000000.0,-9176000000.0,-9729000000.0,716000000.0,-677000000.0,,,,,,-633000000.0,479000000.0,,,-2814000000.0,13154000000.0,,-108000000.0,,,-10802000000.0,,-3953000000.0,4000000.0,18342000000.0,435000000000.0,22000000000.0,23300000000.0,15500000000.0,40.0,141.75685869185486,2006.4183817329467,28396000000.0,28389000000.0,7.065169457300288,7.020003782130815,1.252835568277985,1.6346165451228514,4.322218246462994,5.856326329207615,1.9936021501882344,1.7988693598328067,6.841189030886333,11.302564495725841,0.0,0.24553266948574548,407.27777777777777,101.41747126436782,99.96818181818182,98.19354838709677,-1.3976598377934857,0.03182830900740896,1.8396846254927768,9.525635127536676,0.9123912540857636,7.99967585897372,5.995897077310272,55.11439853364217,-42678000000.0,-41.118825597358175,5.341251392319241,7.88535046317595,0.7552803253197209,349.8865927419355,-5776000000.0,60.620820005815645,0.12889524331199548,215.5015371689358,-0.3795006570302234,215423000000.0,61.17642715557145,7159000000.0,12580.0,35068839.427662954,1748251.1923688394,"{'segments': [{'name': 'MIRAIT', 'type': 'Segment'}, {'name': 'MIRAITTECHNOLOGIES', 'type': 'Segment'}, {'name': 'Lantrovision', 'type': 'Segment'}, {'name': 'TTK', 'type': 'Segment'}, {'name': 'SOLCOM', 'type': 'Segment'}, {'name': 'Shikokutsuken', 'type': 'Segment'}, {'name': 'NotInclude', 'type': 'NotInclude'}, {'name': 'Reconcile', 'type': 'Reconcile'}, {'name': 'Total', 'type': 'Total'}], 'periods': [{'name': 'CurrentYearInstant', 'instant': '2020-03-31'}, {'name': 'CurrentYearDuration', 'start_date': '2019-04-01', 'end_date': '2020-03-31'}, {'name': 'Prior1YearDuration', 'start_date': '2018-04-01', 'end_date': '2019-03-31'}, {'name': 'Prior1YearInstant', 'instant': '2019-03-31'}], 'values': [{'segment': 'MIRAIT', 'period': 'CurrentYearDuration', 'net_sales': '210694000000', 'operating_income': '12607000000', 'revenues_from_external_customers': '209450000000', 'transactions_with_other_segments': '1243000000'}, {'segment': 'MIRAITTECHNOLOGIES', 'period': 'CurrentYearDuration', 'net_sales': '125779000000', 'operating_income': '3966000000', 'revenues_from_external_customers': '117474000000', 'transactions_with_other_segments': '8305000000'}, {'segment': 'TTK', 'period': 'CurrentYearDuration', 'net_sales': '35775000000', 'operating_income': '2059000000', 'revenues_from_external_customers': '35266000000', 'transactions_with_other_segments': '508000000'}, {'segment': 'SOLCOM', 'period': 'CurrentYearDuration', 'net_sales': '37648000000', 'operating_income': '1179000000', 'revenues_from_external_customers': '37530000000', 'transactions_with_other_segments': '118000000'}, {'segment': 'MIRAIT', 'period': 'Prior1YearDuration', 'net_sales': '202752000000', 'operating_income': '12716000000', 'revenues_from_external_customers': '201622000000', 'transactions_with_other_segments': '1130000000'}, {'segment': 'NotInclude', 'period': 'Prior1YearDuration', 'net_sales': '6118000000', 'operating_income': '4383000000', 'revenues_from_external_customers': '1000000', 'transactions_with_other_segments': '6116000000'}, {'segment': 'NotInclude', 'period': 'CurrentYearDuration', 'net_sales': '8545000000', 'operating_income': '6723000000', 'revenues_from_external_customers': '2000000', 'transactions_with_other_segments': '8542000000'}, {'segment': 'MIRAITTECHNOLOGIES', 'period': 'Prior1YearDuration', 'net_sales': '119214000000', 'operating_income': '3899000000', 'revenues_from_external_customers': '110581000000', 'transactions_with_other_segments': '8633000000'}, {'segment': 'Lantrovision', 'period': 'CurrentYearDuration', 'net_sales': '17399000000', 'operating_income': '381000000', 'revenues_from_external_customers': '17399000000', 'transactions_with_other_segments': None}, {'segment': 'Lantrovision', 'period': 'Prior1YearDuration', 'net_sales': '18147000000', 'operating_income': '1239000000', 'revenues_from_external_customers': '18147000000', 'transactions_with_other_segments': None}, {'segment': 'Reconcile', 'period': 'Prior1YearDuration', 'net_sales': '-16193000000', 'operating_income': '-4541000000', 'revenues_from_external_customers': None, 'transactions_with_other_segments': '-16193000000'}, {'segment': 'Reconcile', 'period': 'CurrentYearDuration', 'net_sales': '-18811000000', 'operating_income': '-6690000000', 'revenues_from_external_customers': None, 'transactions_with_other_segments': '-18811000000'}, {'segment': 'TTK', 'period': 'Prior1YearDuration', 'net_sales': '22397000000', 'operating_income': '1613000000', 'revenues_from_external_customers': '22208000000', 'transactions_with_other_segments': '189000000'}, {'segment': 'SOLCOM', 'period': 'Prior1YearDuration', 'net_sales': '13754000000', 'operating_income': '808000000', 'revenues_from_external_customers': '13671000000', 'transactions_with_other_segments': '82000000'}, {'segment': 'Shikokutsuken', 'period': 'Prior1YearDuration', 'net_sales': '9719000000', 'operating_income': '580000000', 'revenues_from_external_customers': '9679000000', 'transactions_with_other_segments': '40000000'}, {'segment': 'Shikokutsuken', 'period': 'CurrentYearDuration', 'net_sales': '24135000000', 'operating_income': '1766000000', 'revenues_from_external_customers': '24042000000', 'transactions_with_other_segments': '93000000'}, {'segment': 'Total', 'period': 'CurrentYearDuration', 'net_sales': '451432000000', 'operating_income': '21960000000', 'revenues_from_external_customers': '441163000000', 'transactions_with_other_segments': '10269000000'}, {'segment': 'Total', 'period': 'Prior1YearDuration', 'net_sales': '385986000000', 'operating_income': '20857000000', 'revenues_from_external_customers': '375910000000', 'transactions_with_other_segments': '10076000000'}]}",9132000000.0,,2019.0,4.0,2020-06-25 11:01:00+00:00
