,company_name,ceo_name,headquarters_address,end_date,updated_date,edinet_updated_date,tdnet_updated_date,edinet_title,tdnet_title,accounting_standard,num_of_shares,issued_share_num,treasury_stock_num,assets,current_assets,cash_and_deposits,trade_receivables,notes_accounts_receivable,notes_receivable,accounts_receivable,current_securities,inventories,merchandise,work_in_process,raw_materials_and_supplies,prepaid_expenses,current_dta,current_allowance_doubtful_accounts,non_current_assets,tangible_fixed_assets,buildings,machineries,land,construction_in_progress,intangible_assets,good_will,investments_and_other_assets,investment_securities,non_current_dta,non_current_allowance_doubtful_accounts,lease_and_guarantee_deposits,liabilities,debt,current_liabilities,trade_payables,notes_accounts_payable,accounts_payable,notes_payable,short_term_bonds_payable,short_term_loans_payable,commercial_papers_liabilities,current_lease_obligations,current_portion_of_long_term_loans,current_portion_of_bonds,current_portion_of_convertible_bonds,current_portion_of_bonds_with_subscription_rights,advances_received,corporate_tax_payable,non_current_liabilities,bonds_payable,convertible_bonds,convertible_bond_type_bonds_with_subscription_rights,non_current_bonds_with_subscription_right,long_term_loans_payable,non_current_lease_obligations,non_current_dtl,net_assets,shareholders_equity,capital_stock,additional_capital_stock,retained_earnings,treasury_stock,valuation_and_translation_adjustments,non_controlling_interests,net_sales,cost_of_sales,gross_profit,gross_margin,sga,operating_income,operating_margin,non_operating_income,interest_and_dividends_income,interest_income,dividends_income,equity_method_income,non_operating_expenses,interest_expense,equity_method_loss,ordinary_income,extraordinary_income,gain_of_sales_non_current_assets,gain_of_sales_investment_securities,extraordinary_loss,loss_of_sales_non_current_assets,loss_of_valuation_investment_securities,impairment_loss,income_before_income_taxes,income_taxes,real_corporate_tax_rate,net_income,non_controling_interests,profit_loss_attributable_to_owners_of_parent,net_profit_margin,operating_cash_flow,income_before_taxes,depreciation,amortization,decrease_trade_receivables_op_cf,decrease_inventories_op_cf,increase_trade_payables_op_cf,investment_cash_flow,purchase_of_property,sale_of_property,purchase_of_intangible_assets,sale_of_intangible_assets,purchase_of_non_current_assets,sale_of_non_current_assets,purchase_of_securities,sale_of_securities,purchase_of_investment_securities,sale_of_investment_securities,lending,return_of_lending,financial_cash_flow,net_short_term_debt,long_term_debt_issuance,long_term_debt_repayment,bonds_issuance,bonds_repayment,share_repurchase,share_sales,dividend_payment,cash_translation_difference,free_cash_flow,ex_net_sales,ex_operating_income,ex_ordinary_income,ex_net_income,dividend,eps_actual,bps,ebitda_forecast,ebitda_actual,roe,real_roe,total_asset_turnover,financial_leverage,roa,roic,doe,net_sales_operating_cash_flow_ratio,sga_ratio,depreciation_gross_profit_ratio,r_and_d_ratio,interest_op_income_ratio,interest_coverage_ratio,net_sales_progress,operating_income_progress,net_income_progress,net_sales_growth_rate_forecast,operating_income_growth_rate_forecast,net_income_growth_rate_forecast,cash_assets_ratio,cash_monthly_sales_ratio,accounts_receivable_turnover,inventory_turnover,trade_payable_turnover,working_capital,ccc,tangible_fixed_assets_turnover,debt_assets_ratio,debt_monthly_sales_ratio,operating_cash_flow_debt_ratio,net_debt,adjusted_debt_ratio,de_ratio,current_ratio,net_debt_net_income_ratio,equity,equity_ratio,accrual,employee_num,net_sales_per_employee,operating_income_per_employee,segment_member,increase_in_properties,r_and_d_expenses,fiscal_year,fiscal_quarter,to_datetime
0,インターライフホールディングス株式会社,代表取締役社長    及　川　民　司,東京都中央区銀座六丁目13番16号　銀座ウォールビル11階,2017-08-31T00:00:00.000Z,2017-10-13T13:00:00.000Z,2017-10-13T13:00:00.000Z,2017-10-12T16:00:00.000Z,【E24512】インターライフホールディングス株式会社 四半期報告書－第8期第2四半期(平成29年6月1日－平成29年8月31日),【14180】インターライフホールディングス株式会社 平成30年２月期　第２四半期決算短信〔日本基準〕（連結）,Japan GAAP,19336350.0,20010529.0,674179.0,11327577000.0,7174675000.0,3281792000.0,0.0,,,,,102864000.0,84160000.0,10146000.0,,,,-9800000.0,4152901000.0,1944318000.0,1486034000.0,50659000.0,1133021000.0,,1325107000.0,1084734000.0,883475000.0,552735000.0,,-161625000.0,,6792228000.0,3036039000.0,4625743000.0,2164598000.0,2164598000.0,,,,597700000.0,,,718078000.0,105700000.0,,,,53302000.0,2166484000.0,432900000.0,,,,1181661000.0,,,4535348000.0,4464859000.0,2979460000.0,698682000.0,982079000.0,-195363000.0,70489000.0,,12110042000.0,9992753000.0,2117289000.0,17.48374613399359,1815361000.0,301928000.0,2.4932035743558942,15971000.0,,3031000.0,6509000.0,,35125000.0,26472000.0,,282774000.0,2342000.0,49000.0,,327000.0,,,,284789000.0,90018000.0,31.608664660503038,194770000.0,,194770000.0,1.6083346366593938,1689733000.0,284789000.0,49653000.0,83412000.0,-797948000.0,226770000.0,355043000.0,-6821000.0,-15472000.0,50000.0,-6063000.0,,,,,,-9031000.0,,,,-1486879000.0,,,-887394000.0,,-52850000.0,-64883000.0,,-79191000.0,,1711268000.0,21000000000.0,250000000.0,195000000.0,120000000.0,,-11.948687316892796,234.55036757195646,383065000.0,434993000.0,,,1.8307373236129845,2.4976202487659163,,0.09827789809185557,1.7053906337507068,13.953155571219323,14.990542559637696,2.3451215209638363,0.0,8.767653215336106,11.405560592323965,57.666866666666664,120.7712,162.30833333333334,73.40980320299467,-17.198802363477384,-38.38886892231863,28.97170330424591,1.8990186913589462,0.0,2.211622922761408,46.53984440974003,-2061734000.0,-44.32822148697862,10.665857128309257,26.802192560686187,1.756812987750206,211.2970801568422,-245753000.0,143.5773185045546,0.6694169885089303,155.10319099007447,1.063663198351829,4535348000.0,40.03811229886144,-1496978000.0,,,,"{'segments': [{'name': 'EngineeringFacilitiesConstruction', 'type': 'Segment'}, {'name': 'TemporaryEmployeeAgencyTrainingEducation', 'type': 'Segment'}, {'name': 'InformationTechnology', 'type': 'Segment'}, {'name': 'CleaningAndMaintenance', 'type': 'Segment'}, {'name': 'Leasing', 'type': 'Segment'}, {'name': 'Total', 'type': 'Total'}, {'name': 'OtherBusiness', 'type': 'Segment'}], 'periods': [{'name': 'CurrentYTDDuration', 'start_date': '2017-03-01', 'end_date': '2017-08-31'}, {'name': 'Prior1YTDDuration', 'start_date': '2016-03-01', 'end_date': '2016-08-31'}], 'values': [{'segment': 'EngineeringFacilitiesConstruction', 'period': 'CurrentYTDDuration', 'net_sales': '5903549000', 'operating_income': '237352000', 'revenues_from_external_customers': '5891621000', 'transactions_with_other_segments': '11928000'}, {'segment': 'EngineeringFacilitiesConstruction', 'period': 'Prior1YTDDuration', 'net_sales': '4968844000', 'operating_income': '109892000', 'revenues_from_external_customers': '4895633000', 'transactions_with_other_segments': '73211000'}, {'segment': 'TemporaryEmployeeAgencyTrainingEducation', 'period': 'Prior1YTDDuration', 'net_sales': '1308789000', 'operating_income': '4575000', 'revenues_from_external_customers': '1248942000', 'transactions_with_other_segments': '59846000'}, {'segment': 'TemporaryEmployeeAgencyTrainingEducation', 'period': 'CurrentYTDDuration', 'net_sales': '1292848000', 'operating_income': '32270000', 'revenues_from_external_customers': '1238739000', 'transactions_with_other_segments': '54109000'}, {'segment': 'InformationTechnology', 'period': 'CurrentYTDDuration', 'net_sales': '948210000', 'operating_income': '27898000', 'revenues_from_external_customers': '948210000', 'transactions_with_other_segments': None}, {'segment': 'InformationTechnology', 'period': 'Prior1YTDDuration', 'net_sales': '971215000', 'operating_income': '-31501000', 'revenues_from_external_customers': '971215000', 'transactions_with_other_segments': None}, {'segment': 'CleaningAndMaintenance', 'period': 'Prior1YTDDuration', 'net_sales': '1372766000', 'operating_income': '80465000', 'revenues_from_external_customers': '1328851000', 'transactions_with_other_segments': '43915000'}, {'segment': 'CleaningAndMaintenance', 'period': 'CurrentYTDDuration', 'net_sales': '1207151000', 'operating_income': '42682000', 'revenues_from_external_customers': '1188628000', 'transactions_with_other_segments': '18523000'}, {'segment': 'Leasing', 'period': 'CurrentYTDDuration', 'net_sales': '1687397000', 'operating_income': '182919000', 'revenues_from_external_customers': '1677265000', 'transactions_with_other_segments': '10131000'}, {'segment': 'Leasing', 'period': 'Prior1YTDDuration', 'net_sales': '145930000', 'operating_income': '98921000', 'revenues_from_external_customers': '141430000', 'transactions_with_other_segments': '4500000'}, {'segment': 'Total', 'period': 'CurrentYTDDuration', 'net_sales': '11039157000', 'operating_income': '523123000', 'revenues_from_external_customers': '10944464000', 'transactions_with_other_segments': '94692000'}, {'segment': 'Total', 'period': 'Prior1YTDDuration', 'net_sales': '8767546000', 'operating_income': '262354000', 'revenues_from_external_customers': '8586072000', 'transactions_with_other_segments': '181473000'}, {'segment': 'OtherBusiness', 'period': 'Prior1YTDDuration', 'net_sales': '1135103000', 'operating_income': '51335000', 'revenues_from_external_customers': '1061424000', 'transactions_with_other_segments': '73679000'}, {'segment': 'OtherBusiness', 'period': 'CurrentYTDDuration', 'net_sales': '1232246000', 'operating_income': '49317000', 'revenues_from_external_customers': '1165577000', 'transactions_with_other_segments': '66668000'}]}",,,2017.0,2.0,2017-10-13 13:00:00+00:00
1,インターライフホールディングス株式会社,代表取締役社長    及　川　民　司,東京都中央区銀座六丁目13番16号　銀座ウォールビル11階,2017-11-30T00:00:00.000Z,2018-01-12T16:13:00.000Z,2018-01-12T16:13:00.000Z,2018-01-12T16:00:00.000Z,【E24512】インターライフホールディングス株式会社 四半期報告書－第8期第3四半期(平成29年9月1日－平成29年11月30日),【14180】インターライフホールディングス株式会社 平成30年２月期　第３四半期決算短信〔日本基準〕（連結）,Japan GAAP,19336349.0,20010529.0,674180.0,11001313000.0,6796453000.0,4256184000.0,0.0,,,,,143302000.0,143302000.0,,,,,-7086000.0,4204860000.0,1936887000.0,1488488000.0,52545000.0,1133021000.0,,1304076000.0,1062584000.0,963895000.0,618283000.0,,-157611000.0,,6590375000.0,3203468000.0,4148436000.0,1729395000.0,1729395000.0,,,,500000000.0,,,743508000.0,105700000.0,,,,49258000.0,2441938000.0,432900000.0,,,,1421360000.0,,,4410937000.0,4296658000.0,2979460000.0,698682000.0,813878000.0,-195363000.0,114279000.0,,15993911000.0,13106661000.0,2887250000.0,18.052182483696452,2727115000.0,160135000.0,1.0012247786048079,19326000.0,,3715000.0,8093000.0,,47331000.0,37311000.0,,132129000.0,2342000.0,49000.0,,8258000.0,,,4745000.0,126214000.0,99644000.0,78.94845262807613,26569000.0,,26569000.0,0.16611946884036055,,126214000.0,,,,,,,,,,,,,,,,,,,,,,,,,,,,,0.0,21000000000.0,250000000.0,195000000.0,120000000.0,,-11.948687934831959,228.1163315784174,250000000.0,160135000.0,,,1.8850311776421595,2.4940988728698685,,0.09772267169923324,1.7534912876787858,0.0,17.050957705091644,0.0,0.0,23.299715864739127,4.29189783173863,76.16148095238096,64.054,22.140833333333333,31.299967844012635,56.11827520529553,351.65418344687413,38.687963882129345,2.4628535171829555,0.0,3.0810583690849596,37.18278138618919,-1586093000.0,-34.101723017104234,10.706777421708132,29.118960618609798,1.8536962760498719,222.94951901997274,-1052716000.0,143.0730738336626,0.7262556685801679,163.83169464347526,4.5563442461176225,4410937000.0,40.094641430527425,32485000.0,,,,"{'segments': [{'name': 'EngineeringFacilitiesConstruction', 'type': 'Segment'}, {'name': 'TemporaryEmployeeAgencyTrainingEducation', 'type': 'Segment'}, {'name': 'InformationTechnology', 'type': 'Segment'}, {'name': 'CleaningAndMaintenance', 'type': 'Segment'}, {'name': 'Leasing', 'type': 'Segment'}, {'name': 'Total', 'type': 'Total'}, {'name': 'OtherBusiness', 'type': 'Segment'}], 'periods': [{'name': 'CurrentYTDDuration', 'start_date': '2017-03-01', 'end_date': '2017-11-30'}, {'name': 'Prior1YTDDuration', 'start_date': '2016-03-01', 'end_date': '2016-11-30'}], 'values': [{'segment': 'EngineeringFacilitiesConstruction', 'period': 'CurrentYTDDuration', 'net_sales': '7569030000', 'operating_income': '167083000', 'revenues_from_external_customers': '7553619000', 'transactions_with_other_segments': '15411000'}, {'segment': 'EngineeringFacilitiesConstruction', 'period': 'Prior1YTDDuration', 'net_sales': '7219377000', 'operating_income': '126383000', 'revenues_from_external_customers': '7133059000', 'transactions_with_other_segments': '86317000'}, {'segment': 'TemporaryEmployeeAgencyTrainingEducation', 'period': 'CurrentYTDDuration', 'net_sales': '1960071000', 'operating_income': '56487000', 'revenues_from_external_customers': '1884653000', 'transactions_with_other_segments': '75417000'}, {'segment': 'TemporaryEmployeeAgencyTrainingEducation', 'period': 'Prior1YTDDuration', 'net_sales': '1937397000', 'operating_income': '1644000', 'revenues_from_external_customers': '1847740000', 'transactions_with_other_segments': '89656000'}, {'segment': 'InformationTechnology', 'period': 'CurrentYTDDuration', 'net_sales': '1445746000', 'operating_income': '38831000', 'revenues_from_external_customers': '1445746000', 'transactions_with_other_segments': None}, {'segment': 'InformationTechnology', 'period': 'Prior1YTDDuration', 'net_sales': '1500354000', 'operating_income': '-19284000', 'revenues_from_external_customers': '1500354000', 'transactions_with_other_segments': None}, {'segment': 'CleaningAndMaintenance', 'period': 'Prior1YTDDuration', 'net_sales': '1892143000', 'operating_income': '85624000', 'revenues_from_external_customers': '1824222000', 'transactions_with_other_segments': '67920000'}, {'segment': 'CleaningAndMaintenance', 'period': 'CurrentYTDDuration', 'net_sales': '1752926000', 'operating_income': '49969000', 'revenues_from_external_customers': '1721153000', 'transactions_with_other_segments': '31772000'}, {'segment': 'Leasing', 'period': 'CurrentYTDDuration', 'net_sales': '1743492000', 'operating_income': '198072000', 'revenues_from_external_customers': '1717017000', 'transactions_with_other_segments': '26475000'}, {'segment': 'Leasing', 'period': 'Prior1YTDDuration', 'net_sales': '233181000', 'operating_income': '158645000', 'revenues_from_external_customers': '226431000', 'transactions_with_other_segments': '6750000'}, {'segment': 'Total', 'period': 'CurrentYTDDuration', 'net_sales': '14471267000', 'operating_income': '510444000', 'revenues_from_external_customers': '14322190000', 'transactions_with_other_segments': '149077000'}, {'segment': 'Total', 'period': 'Prior1YTDDuration', 'net_sales': '12782453000', 'operating_income': '353014000', 'revenues_from_external_customers': '12531808000', 'transactions_with_other_segments': '250645000'}, {'segment': 'OtherBusiness', 'period': 'CurrentYTDDuration', 'net_sales': '1773384000', 'operating_income': '66621000', 'revenues_from_external_customers': '1671720000', 'transactions_with_other_segments': '101664000'}, {'segment': 'OtherBusiness', 'period': 'Prior1YTDDuration', 'net_sales': '1615119000', 'operating_income': '65515000', 'revenues_from_external_customers': '1501914000', 'transactions_with_other_segments': '113204000'}]}",,,2017.0,3.0,2018-01-12 16:13:00+00:00
2,インターライフホールディングス株式会社,代表取締役社長    及川  民司,東京都中央区銀座六丁目13番16号　銀座ウォールビル11階,2018-02-28T00:00:00.000Z,2018-05-25T14:28:00.000Z,2018-05-25T14:28:00.000Z,2018-04-11T16:00:00.000Z,【E24512】インターライフホールディングス株式会社 有価証券報告書－第8期(平成29年3月1日－平成30年2月28日),【14180】インターライフホールディングス株式会社 2018年２月期　決算短信〔日本基準〕（連結）,Japan GAAP,19336349.0,20010529.0,674180.0,10109103000.0,6412968000.0,3012776000.0,732944000.0,732944000.0,,,,119638000.0,97761000.0,12152000.0,,,116851000.0,-1718000.0,3696135000.0,1944922000.0,1494512000.0,52545000.0,1133021000.0,,978440000.0,728768000.0,772771000.0,469449000.0,4717000.0,-154873000.0,,6080508000.0,2952839000.0,3906186000.0,543371000.0,543371000.0,1094257000.0,1094257000.0,,500000000.0,,,727652000.0,105700000.0,,,,58771000.0,2174321000.0,380050000.0,,,,1239437000.0,,,4028595000.0,4039043000.0,2979460000.0,698682000.0,556264000.0,-195363000.0,-10448000.0,,20737818000.0,16976384000.0,3761434000.0,18.13804133106,3646720000.0,114713000.0,0.5531584856227401,23587000.0,,4416000.0,8537000.0,,74702000.0,47473000.0,,63598000.0,120843000.0,49000.0,118500000.0,308213000.0,,,6735000.0,-123771000.0,107272000.0,-86.66973685273611,-231044000.0,,-231044000.0,,1436858000.0,-123771000.0,95782000.0,167827000.0,-399002000.0,187916000.0,-171924000.0,64985000.0,-44970000.0,50000.0,,,,,,,-374603000.0,464872000.0,,,-1574631000.0,,550000000.0,-1370044000.0,,-105700000.0,-64883000.0,,-79386000.0,,1481828000.0,21500000000.0,200000000.0,160000000.0,40000000.0,4.0,-11.948687934831959,208.34310551593788,463609000.0,378322000.0,,,2.0514004061487947,2.5093371262189423,,0.10658268774008321,1.919909943789336,6.92868458967091,17.584878023329168,2.5464224548403616,0.0,41.384150009153274,2.416384049880985,96.45496744186046,57.3565,-577.61,3.675323990209578,74.34815583238168,-117.31271965513062,29.802604642568188,1.7433517836833172,12.900323457366634,2.5722715744412943,11.68272436580134,309211000.0,3.7898706660065873,10.662544821848897,29.209703373286434,1.7086690605540082,205.50666802147464,-59937000.0,143.95285180392418,0.7329699312043032,164.17467063780373,0.2594181194923911,4028595000.0,39.85116186866431,-1480532000.0,360.0,57605050.0,318647.22222222225,"{'segments': [{'name': 'EngineeringFacilitiesConstruction', 'type': 'Segment'}, {'name': 'TemporaryEmployeeAgencyTrainingEducation', 'type': 'Segment'}, {'name': 'InformationTechnology', 'type': 'Segment'}, {'name': 'CleaningAndMaintenance', 'type': 'Segment'}, {'name': 'RealestateBusiness', 'type': 'Segment'}, {'name': 'Total', 'type': 'Total'}, {'name': 'OtherBusiness', 'type': 'Segment'}], 'periods': [{'name': 'CurrentYearDuration', 'start_date': '2017-03-01', 'end_date': '2018-02-28'}, {'name': 'Prior1YearDuration', 'start_date': '2016-03-01', 'end_date': '2017-02-28'}, {'name': 'CurrentYearInstant', 'instant': '2018-02-28'}, {'name': 'Prior1YearInstant', 'instant': '2017-02-28'}], 'values': [{'segment': 'EngineeringFacilitiesConstruction', 'period': 'CurrentYearDuration', 'net_sales': '10155750000', 'operating_income': '166282000', 'revenues_from_external_customers': '10117080000', 'transactions_with_other_segments': '38669000'}, {'segment': 'EngineeringFacilitiesConstruction', 'period': 'Prior1YearDuration', 'net_sales': '9567522000', 'operating_income': '168899000', 'revenues_from_external_customers': '9476254000', 'transactions_with_other_segments': '91267000'}, {'segment': 'TemporaryEmployeeAgencyTrainingEducation', 'period': 'Prior1YearDuration', 'net_sales': '2553161000', 'operating_income': '4439000', 'revenues_from_external_customers': '2434262000', 'transactions_with_other_segments': '118898000'}, {'segment': 'TemporaryEmployeeAgencyTrainingEducation', 'period': 'CurrentYearDuration', 'net_sales': '2599251000', 'operating_income': '51160000', 'revenues_from_external_customers': '2505913000', 'transactions_with_other_segments': '93338000'}, {'segment': 'InformationTechnology', 'period': 'Prior1YearDuration', 'net_sales': '1967084000', 'operating_income': '723000', 'revenues_from_external_customers': '1967084000', 'transactions_with_other_segments': None}, {'segment': 'InformationTechnology', 'period': 'CurrentYearDuration', 'net_sales': '1933634000', 'operating_income': '44272000', 'revenues_from_external_customers': '1933634000', 'transactions_with_other_segments': None}, {'segment': 'CleaningAndMaintenance', 'period': 'Prior1YearDuration', 'net_sales': '2482728000', 'operating_income': '94897000', 'revenues_from_external_customers': '2363174000', 'transactions_with_other_segments': '119553000'}, {'segment': 'CleaningAndMaintenance', 'period': 'CurrentYearDuration', 'net_sales': '2368052000', 'operating_income': '76495000', 'revenues_from_external_customers': '2328931000', 'transactions_with_other_segments': '39120000'}, {'segment': 'RealestateBusiness', 'period': 'Prior1YearDuration', 'net_sales': '851230000', 'operating_income': '409403000', 'revenues_from_external_customers': '842230000', 'transactions_with_other_segments': '9000000'}, {'segment': 'RealestateBusiness', 'period': 'CurrentYearDuration', 'net_sales': '1876894000', 'operating_income': '247602000', 'revenues_from_external_customers': '1843058000', 'transactions_with_other_segments': '33835000'}, {'segment': 'Total', 'period': 'CurrentYearDuration', 'net_sales': '18933583000', 'operating_income': '585814000', 'revenues_from_external_customers': '18728619000', 'transactions_with_other_segments': '204964000'}, {'segment': 'Total', 'period': 'Prior1YearDuration', 'net_sales': '17421726000', 'operating_income': '678364000', 'revenues_from_external_customers': '17083006000', 'transactions_with_other_segments': '338720000'}, {'segment': 'OtherBusiness', 'period': 'Prior1YearDuration', 'net_sales': '2148595000', 'operating_income': '79834000', 'revenues_from_external_customers': '1999549000', 'transactions_with_other_segments': '149046000'}, {'segment': 'OtherBusiness', 'period': 'CurrentYearDuration', 'net_sales': '2149978000', 'operating_income': '80434000', 'revenues_from_external_customers': '2009199000', 'transactions_with_other_segments': '140779000'}]}",,,2017.0,4.0,2018-05-25 14:28:00+00:00
3,インターライフホールディングス株式会社,代表取締役社長    及　川　民　司,東京都中央区銀座六丁目13番16号　銀座ウォールビル11階　,2018-05-31T00:00:00.000Z,2018-07-12T11:50:00.000Z,2018-07-12T11:50:00.000Z,2018-07-11T16:00:00.000Z,【E24512】インターライフホールディングス株式会社 四半期報告書－第9期第1四半期(平成30年3月1日－平成30年5月31日),【14180】インターライフホールディングス株式会社 2019年２月期　第１四半期決算短信〔日本基準〕（連結）,Japan GAAP,19365349.0,20010529.0,645180.0,10640563000.0,7023583000.0,3619527000.0,0.0,,,,,116653000.0,116653000.0,,,,,-2208000.0,3616979000.0,1936126000.0,1493840000.0,52545000.0,1133021000.0,,941087000.0,692883000.0,739766000.0,485286000.0,,-150121000.0,,6758803000.0,3105218000.0,4520326000.0,1886273000.0,1886273000.0,,,,580000000.0,,,751000000.0,105700000.0,,,,21589000.0,2238476000.0,380050000.0,,,,1288468000.0,,,3881760000.0,3881360000.0,2979460000.0,698682000.0,390177000.0,-186959000.0,399000.0,,4460971000.0,3561939000.0,899031000.0,20.153258113536268,940015000.0,-40984000.0,,11449000.0,,777000.0,5401000.0,,12656000.0,10276000.0,,-42190000.0,,,,13757000.0,,,10139000.0,-55948000.0,30097000.0,-53.794594981053834,-86045000.0,,-86045000.0,,,-55948000.0,,,,,,,,,,,,,,,,,,,,,,,,,,,,,0.0,21500000000.0,200000000.0,160000000.0,40000000.0,,-3.8339613709001577,200.44874998121645,200000000.0,,,,1.8220067866709684,2.7411697271340834,,0.6415506102924612,1.9955225464737645,0.0,21.07198186224479,0.0,0.0,-25.073199297286745,-3.9883223043985985,20.748702325581394,-20.492,-215.1125,381.9578517771131,-587.9953152449737,-146.4873031553257,34.01631097903372,2.2403633989433636,0.0,2.761929185871891,44.660252640070375,-1769620000.0,-41.89832345419848,10.013386525463735,29.182835532292795,1.9220237210387194,2316.7390363639074,-514309000.0,166.11623953386803,0.7999510531305387,155.37779797297807,6.9270937154863566,3881760000.0,36.48077644011882,-72288000.0,,,,"{'segments': [{'name': 'EngineeringFacilitiesConstruction', 'type': 'Segment'}, {'name': 'TemporaryEmployeeAgencyTrainingEducation', 'type': 'Segment'}, {'name': 'StoreSupportService', 'type': 'Segment'}, {'name': 'RealestateBusiness', 'type': 'Segment'}, {'name': 'Total', 'type': 'Total'}, {'name': 'OtherBusiness', 'type': 'Segment'}], 'periods': [{'name': 'CurrentYTDDuration', 'start_date': '2018-03-01', 'end_date': '2018-05-31'}, {'name': 'Prior1YTDDuration', 'start_date': '2017-03-01', 'end_date': '2017-05-31'}], 'values': [{'segment': 'EngineeringFacilitiesConstruction', 'period': 'CurrentYTDDuration', 'net_sales': '2850419000', 'operating_income': '-9629000', 'revenues_from_external_customers': '2841390000', 'transactions_with_other_segments': '9028000'}, {'segment': 'EngineeringFacilitiesConstruction', 'period': 'Prior1YTDDuration', 'net_sales': '3576511000', 'operating_income': '167989000', 'revenues_from_external_customers': '3567013000', 'transactions_with_other_segments': '9498000'}, {'segment': 'TemporaryEmployeeAgencyTrainingEducation', 'period': 'CurrentYTDDuration', 'net_sales': '621459000', 'operating_income': '13715000', 'revenues_from_external_customers': '600586000', 'transactions_with_other_segments': '20872000'}, {'segment': 'TemporaryEmployeeAgencyTrainingEducation', 'period': 'Prior1YTDDuration', 'net_sales': '609344000', 'operating_income': '9600000', 'revenues_from_external_customers': '581222000', 'transactions_with_other_segments': '28121000'}, {'segment': 'StoreSupportService', 'period': 'CurrentYTDDuration', 'net_sales': '798069000', 'operating_income': '11436000', 'revenues_from_external_customers': '792900000', 'transactions_with_other_segments': '5168000'}, {'segment': 'StoreSupportService', 'period': 'Prior1YTDDuration', 'net_sales': '1196730000', 'operating_income': '62783000', 'revenues_from_external_customers': '1189660000', 'transactions_with_other_segments': '7070000'}, {'segment': 'RealestateBusiness', 'period': 'Prior1YTDDuration', 'net_sales': '41151000', 'operating_income': '18194000', 'revenues_from_external_customers': '36109000', 'transactions_with_other_segments': '5042000'}, {'segment': 'RealestateBusiness', 'period': 'CurrentYTDDuration', 'net_sales': '209276000', 'operating_income': '86767000', 'revenues_from_external_customers': '197419000', 'transactions_with_other_segments': '11857000'}, {'segment': 'Total', 'period': 'CurrentYTDDuration', 'net_sales': '4479224000', 'operating_income': '102290000', 'revenues_from_external_customers': '4432296000', 'transactions_with_other_segments': '46927000'}, {'segment': 'Total', 'period': 'Prior1YTDDuration', 'net_sales': '5423738000', 'operating_income': '258568000', 'revenues_from_external_customers': '5374006000', 'transactions_with_other_segments': '49732000'}, {'segment': 'OtherBusiness', 'period': 'Prior1YTDDuration', 'net_sales': '57763000', 'operating_income': '5224000', 'revenues_from_external_customers': '28551000', 'transactions_with_other_segments': '29211000'}, {'segment': 'OtherBusiness', 'period': 'CurrentYTDDuration', 'net_sales': '62464000', 'operating_income': '7727000', 'revenues_from_external_customers': '28674000', 'transactions_with_other_segments': '33789000'}]}",,,2018.0,1.0,2018-07-12 11:50:00+00:00
4,インターライフホールディングス株式会社,代表取締役社長    及　川　民　司,東京都中央区銀座六丁目13番16号　銀座ウォールビル11階,2018-08-31T00:00:00.000Z,2018-10-12T11:36:00.000Z,2018-10-12T11:36:00.000Z,2018-10-11T16:00:00.000Z,【E24512】インターライフホールディングス株式会社 四半期報告書－第9期第2四半期(平成30年6月1日－平成30年8月31日),【14180】インターライフホールディングス株式会社 2019年２月期　第２四半期決算短信〔日本基準〕（連結）,Japan GAAP,19402249.0,20010529.0,608280.0,10645936000.0,7088081000.0,3360910000.0,0.0,,,,,109371000.0,88782000.0,10023000.0,,,,-2179000.0,3557855000.0,1937731000.0,1499591000.0,52545000.0,1133021000.0,,908582000.0,660765000.0,711541000.0,457601000.0,,-156972000.0,,6744091000.0,2860813000.0,4910677000.0,2372820000.0,2372820000.0,,,,590100000.0,,,712079000.0,105700000.0,,,,53001000.0,1833414000.0,327200000.0,,,,1125734000.0,,,3901845000.0,3930038000.0,2979460000.0,698682000.0,428161000.0,-176266000.0,-28193000.0,,9498613000.0,7559580000.0,1939032000.0,20.41384357905728,1870860000.0,68172000.0,0.7177047848985952,16962000.0,,1393000.0,6960000.0,,35768000.0,20263000.0,,49366000.0,49000.0,49000.0,,22214000.0,,,10120000.0,27201000.0,75263000.0,276.69203338112567,-48061000.0,,-48061000.0,,546242000.0,27201000.0,45797000.0,64384000.0,-212025000.0,-34660000.0,735190000.0,-42475000.0,-12558000.0,50000.0,-18439000.0,,,,,,-4642000.0,,,,-157191000.0,,300000000.0,-429276000.0,,-52850000.0,,,-79483000.0,,577239000.0,21500000000.0,200000000.0,160000000.0,40000000.0,,-3.826669784518279,201.10271752516937,310181000.0,178353000.0,,,1.821087220513067,2.728436419181182,,0.6628310939278609,1.989033290661213,5.75075539976205,19.696138794158685,2.361848592493574,0.0,29.723346828609987,3.3643586833144155,44.17959534883721,34.086,-120.1525,126.34883640379914,193.37557941676934,-183.2275649695179,31.569887326018115,2.080288322519141,0.0,2.5895172604904686,56.179959459427025,-2263449000.0,-53.59044219893656,10.00509255412645,26.872348283889743,1.770745386461093,2134.3935120939464,-500097000.0,165.37291407713033,0.7331949372668571,144.3401999357726,6.735675996013253,3901845000.0,36.65102814820604,-572138000.0,,,,"{'segments': [{'name': 'EngineeringFacilitiesConstruction', 'type': 'Segment'}, {'name': 'TemporaryEmployeeAgencyTrainingEducation', 'type': 'Segment'}, {'name': 'StoreSupportService', 'type': 'Segment'}, {'name': 'Leasing', 'type': 'Segment'}, {'name': 'Total', 'type': 'Total'}, {'name': 'OtherBusiness', 'type': 'Segment'}], 'periods': [{'name': 'CurrentYTDDuration', 'start_date': '2018-03-01', 'end_date': '2018-08-31'}, {'name': 'Prior1YTDDuration', 'start_date': '2017-03-01', 'end_date': '2017-08-31'}], 'values': [{'segment': 'EngineeringFacilitiesConstruction', 'period': 'CurrentYTDDuration', 'net_sales': '6430904000', 'operating_income': '182020000', 'revenues_from_external_customers': '6406642000', 'transactions_with_other_segments': '24262000'}, {'segment': 'EngineeringFacilitiesConstruction', 'period': 'Prior1YTDDuration', 'net_sales': '7101665000', 'operating_income': '280034000', 'revenues_from_external_customers': '7080249000', 'transactions_with_other_segments': '21415000'}, {'segment': 'TemporaryEmployeeAgencyTrainingEducation', 'period': 'Prior1YTDDuration', 'net_sales': '1233183000', 'operating_income': '16836000', 'revenues_from_external_customers': '1180016000', 'transactions_with_other_segments': '53167000'}, {'segment': 'TemporaryEmployeeAgencyTrainingEducation', 'period': 'CurrentYTDDuration', 'net_sales': '1255768000', 'operating_income': '13906000', 'revenues_from_external_customers': '1213069000', 'transactions_with_other_segments': '42699000'}, {'segment': 'StoreSupportService', 'period': 'CurrentYTDDuration', 'net_sales': '1548171000', 'operating_income': '17266000', 'revenues_from_external_customers': '1538582000', 'transactions_with_other_segments': '9589000'}, {'segment': 'StoreSupportService', 'period': 'Prior1YTDDuration', 'net_sales': '2128488000', 'operating_income': '82153000', 'revenues_from_external_customers': '2115672000', 'transactions_with_other_segments': '12815000'}, {'segment': 'Leasing', 'period': 'Prior1YTDDuration', 'net_sales': '1687397000', 'operating_income': '182919000', 'revenues_from_external_customers': '1677265000', 'transactions_with_other_segments': '10131000'}, {'segment': 'Leasing', 'period': 'CurrentYTDDuration', 'net_sales': '298001000', 'operating_income': '122352000', 'revenues_from_external_customers': '274293000', 'transactions_with_other_segments': '23708000'}, {'segment': 'Total', 'period': 'CurrentYTDDuration', 'net_sales': '9532846000', 'operating_income': '335545000', 'revenues_from_external_customers': '9432587000', 'transactions_with_other_segments': '100259000'}, {'segment': 'Total', 'period': 'Prior1YTDDuration', 'net_sales': '12150734000', 'operating_income': '561943000', 'revenues_from_external_customers': '12053203000', 'transactions_with_other_segments': '97530000'}, {'segment': 'OtherBusiness', 'period': 'Prior1YTDDuration', 'net_sales': '118010000', 'operating_income': '10496000', 'revenues_from_external_customers': '56838000', 'transactions_with_other_segments': '61172000'}, {'segment': 'OtherBusiness', 'period': 'CurrentYTDDuration', 'net_sales': '133737000', 'operating_income': '20029000', 'revenues_from_external_customers': '66026000', 'transactions_with_other_segments': '67710000'}]}",,,2018.0,2.0,2018-10-12 11:36:00+00:00
5,インターライフホールディングス株式会社,代表取締役社長    及　川　民　司,東京都中央区銀座六丁目13番16号　銀座ウォールビル11階,2018-11-30T00:00:00.000Z,2019-01-15T11:36:00.000Z,2019-01-15T11:36:00.000Z,2019-01-11T16:00:00.000Z,【E24512】インターライフホールディングス株式会社 四半期報告書－第9期第3四半期(平成30年9月1日－平成30年11月30日),【14180】インターライフホールディングス株式会社 2019年２月期　第３四半期決算短信〔日本基準〕（連結）,Japan GAAP,19402249.0,20010529.0,608280.0,11540188000.0,8324862000.0,3805411000.0,0.0,,,,,141191000.0,141191000.0,,,,,-2158000.0,3215325000.0,1555870000.0,1277463000.0,55707000.0,919021000.0,,876054000.0,628647000.0,783400000.0,534269000.0,,-155828000.0,,7548527000.0,2836886000.0,5791851000.0,3184232000.0,3184232000.0,,,,650000000.0,,,663650000.0,105700000.0,,,,65065000.0,1756676000.0,327200000.0,,,,1090336000.0,,,3991660000.0,3963521000.0,2979460000.0,698682000.0,461644000.0,-176266000.0,28138000.0,,14460773000.0,11518309000.0,2942463000.0,20.347895648455307,2819876000.0,122587000.0,0.8477209344203107,22134000.0,,1997000.0,8574000.0,,50998000.0,29230000.0,,93723000.0,69374000.0,69374000.0,,41446000.0,,,28774000.0,121651000.0,136230000.0,111.98428290766208,-14578000.0,,-14578000.0,,,121651000.0,,,,,,,,,,,,,,,,,,,,,,,,,,,,,0.0,21500000000.0,200000000.0,160000000.0,40000000.0,,-3.826669784518279,205.73182005859218,200000000.0,122587000.0,,,1.6799707249136668,2.8910748911480435,,0.6564354988602259,1.9442787211335637,0.0,19.500174714034994,0.0,0.0,23.844290177588164,4.193876154635649,67.25940930232558,61.2935,-36.445,48.67808242339466,63.1494367265697,-374.3860611880916,32.97529468324086,2.3554192363633324,0.0,3.3429019715089896,75.39131694330385,-3043041000.0,-72.04841497179486,12.460667022309062,24.582667110795768,1.7559353919379086,2116.542071414716,-968525000.0,181.1099093410008,0.7107033164147247,143.73404978822833,13.044810494841473,3991660000.0,34.58921119829243,-42506000.0,,,,"{'segments': [{'name': 'EngineeringFacilitiesConstruction', 'type': 'Segment'}, {'name': 'TemporaryEmployeeAgencyTrainingEducation', 'type': 'Segment'}, {'name': 'StoreSupportService', 'type': 'Segment'}, {'name': 'Leasing', 'type': 'Segment'}, {'name': 'Total', 'type': 'Total'}, {'name': 'OtherBusiness', 'type': 'Segment'}], 'periods': [{'name': 'CurrentYTDDuration', 'start_date': '2018-03-01', 'end_date': '2018-11-30'}, {'name': 'Prior1YTDDuration', 'start_date': '2017-03-01', 'end_date': '2017-11-30'}], 'values': [{'segment': 'EngineeringFacilitiesConstruction', 'period': 'CurrentYTDDuration', 'net_sales': '9958463000', 'operating_income': '350255000', 'revenues_from_external_customers': '9923084000', 'transactions_with_other_segments': '35378000'}, {'segment': 'EngineeringFacilitiesConstruction', 'period': 'Prior1YTDDuration', 'net_sales': '9305601000', 'operating_income': '217053000', 'revenues_from_external_customers': '9274772000', 'transactions_with_other_segments': '30828000'}, {'segment': 'TemporaryEmployeeAgencyTrainingEducation', 'period': 'CurrentYTDDuration', 'net_sales': '1887972000', 'operating_income': '17594000', 'revenues_from_external_customers': '1826580000', 'transactions_with_other_segments': '61392000'}, {'segment': 'TemporaryEmployeeAgencyTrainingEducation', 'period': 'Prior1YTDDuration', 'net_sales': '1865265000', 'operating_income': '31309000', 'revenues_from_external_customers': '1790607000', 'transactions_with_other_segments': '74658000'}, {'segment': 'StoreSupportService', 'period': 'CurrentYTDDuration', 'net_sales': '2332774000', 'operating_income': '37577000', 'revenues_from_external_customers': '2318717000', 'transactions_with_other_segments': '14057000'}, {'segment': 'StoreSupportService', 'period': 'Prior1YTDDuration', 'net_sales': '3145008000', 'operating_income': '113938000', 'revenues_from_external_customers': '3126407000', 'transactions_with_other_segments': '18600000'}, {'segment': 'Leasing', 'period': 'CurrentYTDDuration', 'net_sales': '324118000', 'operating_income': '117012000', 'revenues_from_external_customers': '289797000', 'transactions_with_other_segments': '34321000'}, {'segment': 'Leasing', 'period': 'Prior1YTDDuration', 'net_sales': '1743492000', 'operating_income': '198072000', 'revenues_from_external_customers': '1717017000', 'transactions_with_other_segments': '26475000'}, {'segment': 'Total', 'period': 'CurrentYTDDuration', 'net_sales': '14503329000', 'operating_income': '522440000', 'revenues_from_external_customers': '14358179000', 'transactions_with_other_segments': '145149000'}, {'segment': 'Total', 'period': 'Prior1YTDDuration', 'net_sales': '16059368000', 'operating_income': '560374000', 'revenues_from_external_customers': '15908805000', 'transactions_with_other_segments': '150563000'}, {'segment': 'OtherBusiness', 'period': 'Prior1YTDDuration', 'net_sales': '178541000', 'operating_income': '16690000', 'revenues_from_external_customers': '85106000', 'transactions_with_other_segments': '93435000'}, {'segment': 'OtherBusiness', 'period': 'CurrentYTDDuration', 'net_sales': '204061000', 'operating_income': '29013000', 'revenues_from_external_customers': '102593000', 'transactions_with_other_segments': '101467000'}]}",,,2018.0,3.0,2019-01-15 11:36:00+00:00
6,インターライフホールディングス株式会社,代表取締役社長    及川  民司,東京都中央区銀座六丁目13番16号　銀座ウォールビル11階,2019-02-28T00:00:00.000Z,2019-05-24T10:05:00.000Z,2019-05-24T10:05:00.000Z,2019-04-12T16:00:00.000Z,【E24512】インターライフホールディングス株式会社 有価証券報告書－第9期(平成30年3月1日－平成31年2月28日),【14180】インターライフホールディングス株式会社 2019年２月期　決算短信〔日本基準〕（連結）,Japan GAAP,19451649.0,20010529.0,558880.0,10550512000.0,7358504000.0,3055952000.0,1228363000.0,1228363000.0,,,,173167000.0,151853000.0,11253000.0,,,102367000.0,-2497000.0,3192007000.0,1595269000.0,1311850000.0,55707000.0,938364000.0,,742552000.0,496603000.0,854185000.0,550065000.0,54316000.0,-149599000.0,,6595381000.0,2586080000.0,5002108000.0,1446134000.0,1446134000.0,1023313000.0,1023313000.0,,650000000.0,,,589929000.0,105700000.0,,,,73140000.0,1593272000.0,274350000.0,,,,966101000.0,,,3955131000.0,3918169000.0,2979460000.0,698682000.0,401976000.0,-161950000.0,36961000.0,,19387178000.0,15416161000.0,3971017000.0,20.48269737864892,3785531000.0,185485000.0,0.956740583905507,26724000.0,,2397000.0,8851000.0,,60542000.0,37534000.0,,151667000.0,69474000.0,69374000.0,100000.0,154728000.0,538000.0,,40437000.0,66414000.0,140660000.0,211.79269431144036,-74246000.0,,-74246000.0,,134034000.0,66414000.0,93301000.0,128620000.0,-415383000.0,-211893000.0,831817000.0,332976000.0,-102611000.0,471717000.0,,,,,,,-8491000.0,,,,-425492000.0,,500000000.0,-911059000.0,,-105700000.0,,,-79530000.0,,236645000.0,20000000000.0,200000000.0,160000000.0,40000000.0,4.0,-3.8169514574317067,203.33139879297636,421921000.0,407406000.0,,,1.8290197781761934,2.667550581763284,,0.6852706631845388,1.9672318312591923,0.6913538422146844,19.52595163669514,2.349549246452483,0.0,20.235598565921773,4.941786113923376,96.93589,92.7425,-185.615,3.160965458717091,7.825430627813579,-153.87495622659804,28.96496397520803,1.8915297522929844,23.126238125012314,4.099980209080588,34.239322617349416,-44604000.0,-7.013104283256514,12.152920918039529,24.511417076251846,1.6006950573208745,1929.4208932062013,-469872000.0,160.1955608840341,0.6538544488159811,147.10805924222348,6.328583358026021,3955131000.0,37.48757406275639,-123026000.0,372.0,52116069.89247312,498615.59139784944,"{'segments': [{'name': 'EngineeringFacilitiesConstruction', 'type': 'Segment'}, {'name': 'TemporaryEmployeeAgencyTrainingEducation', 'type': 'Segment'}, {'name': 'StoreSupportService', 'type': 'Segment'}, {'name': 'RealestateBusiness', 'type': 'Segment'}, {'name': 'Total', 'type': 'Total'}, {'name': 'OtherBusiness', 'type': 'Segment'}], 'periods': [{'name': 'CurrentYearDuration', 'start_date': '2018-03-01', 'end_date': '2019-02-28'}, {'name': 'Prior1YearDuration', 'start_date': '2017-03-01', 'end_date': '2018-02-28'}, {'name': 'Prior1YearInstant', 'instant': '2018-02-28'}, {'name': 'CurrentYearInstant', 'instant': '2019-02-28'}], 'values': [{'segment': 'EngineeringFacilitiesConstruction', 'period': 'CurrentYearDuration', 'net_sales': '13442089000', 'operating_income': '473386000', 'revenues_from_external_customers': '13400333000', 'transactions_with_other_segments': '41756000'}, {'segment': 'EngineeringFacilitiesConstruction', 'period': 'Prior1YearDuration', 'net_sales': '12505857000', 'operating_income': '242778000', 'revenues_from_external_customers': '12446012000', 'transactions_with_other_segments': '59844000'}, {'segment': 'TemporaryEmployeeAgencyTrainingEducation', 'period': 'CurrentYearDuration', 'net_sales': '2504677000', 'operating_income': '19985000', 'revenues_from_external_customers': '2425955000', 'transactions_with_other_segments': '78722000'}, {'segment': 'TemporaryEmployeeAgencyTrainingEducation', 'period': 'Prior1YearDuration', 'net_sales': '2474820000', 'operating_income': '24687000', 'revenues_from_external_customers': '2381073000', 'transactions_with_other_segments': '93746000'}, {'segment': 'StoreSupportService', 'period': 'CurrentYearDuration', 'net_sales': '3110632000', 'operating_income': '72167000', 'revenues_from_external_customers': '3089325000', 'transactions_with_other_segments': '21306000'}, {'segment': 'StoreSupportService', 'period': 'Prior1YearDuration', 'net_sales': '3982288000', 'operating_income': '129769000', 'revenues_from_external_customers': '3954201000', 'transactions_with_other_segments': '28086000'}, {'segment': 'RealestateBusiness', 'period': 'CurrentYearDuration', 'net_sales': '379177000', 'operating_income': '140211000', 'revenues_from_external_customers': '331894000', 'transactions_with_other_segments': '47283000'}, {'segment': 'RealestateBusiness', 'period': 'Prior1YearDuration', 'net_sales': '1876894000', 'operating_income': '247602000', 'revenues_from_external_customers': '1843058000', 'transactions_with_other_segments': '33835000'}, {'segment': 'Total', 'period': 'Prior1YearDuration', 'net_sales': '20839860000', 'operating_income': '644838000', 'revenues_from_external_customers': '20624347000', 'transactions_with_other_segments': '215513000'}, {'segment': 'Total', 'period': 'CurrentYearDuration', 'net_sales': '19436577000', 'operating_income': '705752000', 'revenues_from_external_customers': '19247509000', 'transactions_with_other_segments': '189068000'}, {'segment': 'OtherBusiness', 'period': 'Prior1YearDuration', 'net_sales': '239962000', 'operating_income': '21410000', 'revenues_from_external_customers': '113471000', 'transactions_with_other_segments': '126490000'}, {'segment': 'OtherBusiness', 'period': 'CurrentYearDuration', 'net_sales': '274951000', 'operating_income': '37959000', 'revenues_from_external_customers': '139669000', 'transactions_with_other_segments': '135282000'}]}",,,2018.0,4.0,2019-05-24 10:05:00+00:00
7,インターライフホールディングス株式会社,代表取締役社長    及　川　民　司,東京都中央区銀座六丁目13番16号　銀座ウォールビル11階　,2019-05-31T00:00:00.000Z,2019-07-12T16:16:00.000Z,2019-07-12T16:16:00.000Z,2019-07-12T16:00:00.000Z,【E24512】インターライフホールディングス株式会社 四半期報告書－第10期第1四半期(平成31年3月1日－令和1年5月31日),【14180】インターライフホールディングス株式会社 2020年２月期　第１四半期決算短信〔日本基準〕（連結）,Japan GAAP,19453049.0,20010529.0,557480.0,11218220000.0,8049558000.0,3857097000.0,0.0,,,,,101812000.0,101812000.0,,,,,-2077000.0,3168662000.0,1627902000.0,1313507000.0,55707000.0,973594000.0,,719172000.0,470483000.0,821586000.0,491513000.0,,-145708000.0,,7279191000.0,2795725000.0,5575161000.0,2541033000.0,2541033000.0,,,,730000000.0,,,600950000.0,105700000.0,,,,50860000.0,1704029000.0,274350000.0,,,,1084725000.0,,,3939029000.0,3946604000.0,2979460000.0,698682000.0,430006000.0,-161544000.0,-7574000.0,,5139039000.0,4074396000.0,1064642000.0,20.71675268469455,903172000.0,161469000.0,3.142007678867586,15173000.0,,699000.0,6473000.0,,13532000.0,8185000.0,,163110000.0,2395000.0,,2395000.0,,,,,165506000.0,57435000.0,34.70266938962938,108071000.0,,108071000.0,2.1029418146077505,,165506000.0,,,,,,,,,,,,,,,,,,,,,,,,,,,,,0.0,20000000000.0,200000000.0,160000000.0,40000000.0,,5.567610506712855,202.48902884067172,200000000.0,161469000.0,2.7495862559021527,2.641265013450559,1.6984050054286688,2.847965831173114,0.9654561953678926,2.8632968628104307,1.9754156671606122,0.0,17.574725546935916,0.0,0.0,5.069084468226099,19.727428222357972,25.695195,80.7345,270.1775,289.1778209894885,23.862784806990824,-62.98729538914232,34.3824332202435,2.4292745094612256,0.0,2.4718128351099327,61.69172576747238,-2439221000.0,-59.21991293236245,11.7040712524464,24.921288760605513,1.7608018356716166,455.2697445451007,-1061372000.0,177.5164348982447,0.7097497885900307,144.38252097114326,-9.799662071703583,3939029000.0,35.112780815494794,105676000.0,,,,"{'segments': [{'name': 'EngineeringFacilitiesConstruction', 'type': 'Segment'}, {'name': 'TemporaryEmployeeAgencyTrainingEducation', 'type': 'Segment'}, {'name': 'StoreSupportService', 'type': 'Segment'}, {'name': 'RealestateBusiness', 'type': 'Segment'}, {'name': 'Total', 'type': 'Total'}, {'name': 'NotInclude', 'type': 'NotInclude'}], 'periods': [{'name': 'Prior1YTDDuration', 'start_date': '2018-03-01', 'end_date': '2018-05-31'}, {'name': 'CurrentYTDDuration', 'start_date': '2019-03-01', 'end_date': '2019-05-31'}], 'values': [{'segment': 'EngineeringFacilitiesConstruction', 'period': 'Prior1YTDDuration', 'net_sales': '2850419000', 'operating_income': '-9629000', 'revenues_from_external_customers': '2841390000', 'transactions_with_other_segments': '9028000'}, {'segment': 'EngineeringFacilitiesConstruction', 'period': 'CurrentYTDDuration', 'net_sales': '3549412000', 'operating_income': '218247000', 'revenues_from_external_customers': '3548328000', 'transactions_with_other_segments': '1084000'}, {'segment': 'TemporaryEmployeeAgencyTrainingEducation', 'period': 'CurrentYTDDuration', 'net_sales': '646868000', 'operating_income': '227000', 'revenues_from_external_customers': '624513000', 'transactions_with_other_segments': '22354000'}, {'segment': 'TemporaryEmployeeAgencyTrainingEducation', 'period': 'Prior1YTDDuration', 'net_sales': '621459000', 'operating_income': '13715000', 'revenues_from_external_customers': '600586000', 'transactions_with_other_segments': '20872000'}, {'segment': 'StoreSupportService', 'period': 'CurrentYTDDuration', 'net_sales': '893326000', 'operating_income': '39487000', 'revenues_from_external_customers': '888067000', 'transactions_with_other_segments': '5258000'}, {'segment': 'StoreSupportService', 'period': 'Prior1YTDDuration', 'net_sales': '798069000', 'operating_income': '11436000', 'revenues_from_external_customers': '792900000', 'transactions_with_other_segments': '5168000'}, {'segment': 'RealestateBusiness', 'period': 'CurrentYTDDuration', 'net_sales': '54656000', 'operating_income': '24404000', 'revenues_from_external_customers': '41374000', 'transactions_with_other_segments': '13282000'}, {'segment': 'RealestateBusiness', 'period': 'Prior1YTDDuration', 'net_sales': '209276000', 'operating_income': '86767000', 'revenues_from_external_customers': '197419000', 'transactions_with_other_segments': '11857000'}, {'segment': 'Total', 'period': 'CurrentYTDDuration', 'net_sales': '5144263000', 'operating_income': '282367000', 'revenues_from_external_customers': '5102283000', 'transactions_with_other_segments': '41980000'}, {'segment': 'Total', 'period': 'Prior1YTDDuration', 'net_sales': '4479224000', 'operating_income': '102290000', 'revenues_from_external_customers': '4432296000', 'transactions_with_other_segments': '46927000'}, {'segment': 'NotInclude', 'period': 'Prior1YTDDuration', 'net_sales': '62464000', 'operating_income': '7727000', 'revenues_from_external_customers': '28674000', 'transactions_with_other_segments': '33789000'}, {'segment': 'NotInclude', 'period': 'CurrentYTDDuration', 'net_sales': '70869000', 'operating_income': '11966000', 'revenues_from_external_customers': '36756000', 'transactions_with_other_segments': '34113000'}]}",,,2019.0,1.0,2019-07-12 16:16:00+00:00
8,インターライフホールディングス株式会社,代表取締役社長    及　川　民　司,東京都中央区銀座六丁目13番16号　銀座ウォールビル11階,2019-08-31T00:00:00.000Z,2019-10-11T16:06:00.000Z,2019-10-11T16:06:00.000Z,2019-10-11T16:00:00.000Z,【E24512】インターライフホールディングス株式会社 四半期報告書－第10期第2四半期(令和1年6月1日－令和1年8月31日),【14180】インターライフホールディングス株式会社 2020年２月期　第２四半期決算短信〔日本基準〕（連結）,Japan GAAP,19053249.0,20010529.0,957280.0,10247767000.0,7087786000.0,4085488000.0,0.0,,,,,92962000.0,75768000.0,8415000.0,,,,-2101000.0,3159980000.0,1660627000.0,1318090000.0,55707000.0,973594000.0,,690178000.0,444362000.0,809174000.0,513294000.0,,-143458000.0,,6464069000.0,2376750000.0,4851681000.0,2642086000.0,2642086000.0,,,,440100000.0,,,580475000.0,105700000.0,,,,49604000.0,1612387000.0,221500000.0,,,,1028975000.0,,,3783698000.0,3771139000.0,2979460000.0,698682000.0,356786000.0,-263789000.0,12558000.0,,9334995000.0,7426218000.0,1908776000.0,20.44753103777774,1807139000.0,101636000.0,1.0887633041046085,20601000.0,,1009000.0,7163000.0,,23541000.0,16217000.0,,98696000.0,2395000.0,,2395000.0,2777000.0,,,,98314000.0,63463000.0,64.55133551681348,34851000.0,,34851000.0,0.3733371040905753,1496236000.0,98314000.0,49282000.0,52241000.0,897997000.0,42205000.0,172639000.0,-68642000.0,-80573000.0,66000.0,-5749000.0,,,,,,-4899000.0,3910000.0,,,-399135000.0,,460000000.0,-406580000.0,,-52850000.0,-109796000.0,,-79978000.0,,1582558000.0,20000000000.0,200000000.0,160000000.0,40000000.0,,5.684437336645314,198.58544860249293,301523000.0,203159000.0,2.8624641818665233,2.6759072975404243,1.859242213450013,2.7083998247217407,1.0568839045618426,3.1302268925896297,2.0142462744119642,16.02824639970348,19.3587570212946,2.5818639798488663,0.0,15.95596048644181,6.267250416229882,46.674975,50.818,87.1275,114.24757056645451,96.78066826714944,14.774324983501197,39.867104706810764,2.5731195915243315,0.0,2.25695070107148,64.1451114432902,-2549124000.0,-61.88816074221872,11.473426001142942,23.192857526912935,1.4969232535147465,387.0417746193092,-1708738000.0,159.70573840014805,0.628155312606873,146.08928328140286,-15.77680113012086,3783698000.0,36.92217045918394,-1461003000.0,,,,"{'segments': [{'name': 'EngineeringFacilitiesConstruction', 'type': 'Segment'}, {'name': 'TemporaryEmployeeAgencyTrainingEducation', 'type': 'Segment'}, {'name': 'StoreSupportService', 'type': 'Segment'}, {'name': 'Leasing', 'type': 'Segment'}, {'name': 'Total', 'type': 'Total'}, {'name': 'NotInclude', 'type': 'NotInclude'}], 'periods': [{'name': 'CurrentYTDDuration', 'start_date': '2019-03-01', 'end_date': '2019-08-31'}, {'name': 'Prior1YTDDuration', 'start_date': '2018-03-01', 'end_date': '2018-08-31'}], 'values': [{'segment': 'EngineeringFacilitiesConstruction', 'period': 'CurrentYTDDuration', 'net_sales': '6321305000', 'operating_income': '255788000', 'revenues_from_external_customers': '6292666000', 'transactions_with_other_segments': '28638000'}, {'segment': 'EngineeringFacilitiesConstruction', 'period': 'Prior1YTDDuration', 'net_sales': '6430904000', 'operating_income': '182020000', 'revenues_from_external_customers': '6406642000', 'transactions_with_other_segments': '24262000'}, {'segment': 'TemporaryEmployeeAgencyTrainingEducation', 'period': 'Prior1YTDDuration', 'net_sales': '1255768000', 'operating_income': '13906000', 'revenues_from_external_customers': '1213069000', 'transactions_with_other_segments': '42699000'}, {'segment': 'TemporaryEmployeeAgencyTrainingEducation', 'period': 'CurrentYTDDuration', 'net_sales': '1309512000', 'operating_income': '2996000', 'revenues_from_external_customers': '1262925000', 'transactions_with_other_segments': '46586000'}, {'segment': 'StoreSupportService', 'period': 'CurrentYTDDuration', 'net_sales': '1657641000', 'operating_income': '66985000', 'revenues_from_external_customers': '1647459000', 'transactions_with_other_segments': '10181000'}, {'segment': 'StoreSupportService', 'period': 'Prior1YTDDuration', 'net_sales': '1548171000', 'operating_income': '17266000', 'revenues_from_external_customers': '1538582000', 'transactions_with_other_segments': '9589000'}, {'segment': 'Leasing', 'period': 'Prior1YTDDuration', 'net_sales': '298001000', 'operating_income': '122352000', 'revenues_from_external_customers': '274293000', 'transactions_with_other_segments': '23708000'}, {'segment': 'Leasing', 'period': 'CurrentYTDDuration', 'net_sales': '85760000', 'operating_income': '23177000', 'revenues_from_external_customers': '59336000', 'transactions_with_other_segments': '26423000'}, {'segment': 'Total', 'period': 'CurrentYTDDuration', 'net_sales': '9374219000', 'operating_income': '348947000', 'revenues_from_external_customers': '9262388000', 'transactions_with_other_segments': '111831000'}, {'segment': 'Total', 'period': 'Prior1YTDDuration', 'net_sales': '9532846000', 'operating_income': '335545000', 'revenues_from_external_customers': '9432587000', 'transactions_with_other_segments': '100259000'}, {'segment': 'NotInclude', 'period': 'Prior1YTDDuration', 'net_sales': '133737000', 'operating_income': '20029000', 'revenues_from_external_customers': '66026000', 'transactions_with_other_segments': '67710000'}, {'segment': 'NotInclude', 'period': 'CurrentYTDDuration', 'net_sales': '140615000', 'operating_income': '21982000', 'revenues_from_external_customers': '72607000', 'transactions_with_other_segments': '68008000'}]}",,,2019.0,2.0,2019-10-11 16:06:00+00:00
9,インターライフホールディングス株式会社,代表取締役社長    及　川　民　司,東京都中央区銀座六丁目13番16号　銀座ウォールビル11階,2019-11-30T00:00:00.000Z,2020-01-14T16:06:00.000Z,2020-01-14T16:06:00.000Z,2020-01-14T16:00:00.000Z,【E24512】インターライフホールディングス株式会社 四半期報告書－第10期第3四半期(令和1年9月1日－令和1年11月30日),【14180】インターライフホールディングス株式会社 2020年２月期　第３四半期決算短信［日本基準］（連結）,Japan GAAP,19053249.0,20010529.0,957280.0,10492402000.0,7303942000.0,3145312000.0,0.0,,,,,114105000.0,114105000.0,,,,,-2044000.0,3188459000.0,1674273000.0,1343148000.0,59199000.0,973594000.0,,661355000.0,418242000.0,852830000.0,558317000.0,,-142009000.0,,6712601000.0,2379305000.0,5217839000.0,2549791000.0,2549791000.0,,,,600000000.0,,,559492000.0,105700000.0,,,,44363000.0,1494762000.0,221500000.0,,,,892613000.0,,,3779800000.0,3728685000.0,2979460000.0,698682000.0,314331000.0,-263789000.0,51115000.0,,13489413000.0,10688370000.0,2801043000.0,20.764750845718787,2703642000.0,97401000.0,0.7220551405757982,23363000.0,,1122000.0,8733000.0,,32388000.0,23734000.0,,88376000.0,2395000.0,,2395000.0,3982000.0,,,,86790000.0,94393000.0,108.76022583246917,-7603000.0,,-7603000.0,,,86790000.0,,,,,,,,,,,,,,,,,,,,,,,,,,,,,0.0,20000000000.0,200000000.0,160000000.0,40000000.0,,5.684437336645314,198.38086407205407,200000000.0,97401000.0,2.8654161595851635,2.6784868590749458,1.8158931577345208,2.7759145986560134,1.0322421882043786,3.1309094421998003,2.01632350918038,0.0,20.04269570514299,0.0,0.0,24.367306290489832,4.103859442150501,67.447065,48.7005,-19.0075,48.26442040139183,105.33670085522738,-626.1081152176772,29.977044341229014,1.9809785094599661,0.0,2.7702648366618754,61.90435430644512,-2435686000.0,-59.13408946978325,11.379912953263894,22.67645673507363,1.4985324420759036,387.4578435092439,-766007000.0,166.00601594276768,0.6294790729668236,139.98021019812992,-7.072553020580387,3779800000.0,36.024163008622814,-6016000.0,,,,"{'segments': [{'name': 'EngineeringFacilitiesConstruction', 'type': 'Segment'}, {'name': 'TemporaryEmployeeAgencyTrainingEducation', 'type': 'Segment'}, {'name': 'StoreSupportService', 'type': 'Segment'}, {'name': 'Leasing', 'type': 'Segment'}, {'name': 'Total', 'type': 'Total'}, {'name': 'OtherBusiness', 'type': 'Segment'}], 'periods': [{'name': 'CurrentYTDDuration', 'start_date': '2019-03-01', 'end_date': '2019-11-30'}, {'name': 'Prior1YTDDuration', 'start_date': '2018-03-01', 'end_date': '2018-11-30'}], 'values': [{'segment': 'EngineeringFacilitiesConstruction', 'period': 'CurrentYTDDuration', 'net_sales': '9055127000', 'operating_income': '342048000', 'revenues_from_external_customers': '9023359000', 'transactions_with_other_segments': '31768000'}, {'segment': 'EngineeringFacilitiesConstruction', 'period': 'Prior1YTDDuration', 'net_sales': '9958463000', 'operating_income': '350255000', 'revenues_from_external_customers': '9923084000', 'transactions_with_other_segments': '35378000'}, {'segment': 'TemporaryEmployeeAgencyTrainingEducation', 'period': 'Prior1YTDDuration', 'net_sales': '1887972000', 'operating_income': '17594000', 'revenues_from_external_customers': '1826580000', 'transactions_with_other_segments': '61392000'}, {'segment': 'TemporaryEmployeeAgencyTrainingEducation', 'period': 'CurrentYTDDuration', 'net_sales': '1971029000', 'operating_income': '4839000', 'revenues_from_external_customers': '1898726000', 'transactions_with_other_segments': '72302000'}, {'segment': 'StoreSupportService', 'period': 'CurrentYTDDuration', 'net_sales': '2382762000', 'operating_income': '91417000', 'revenues_from_external_customers': '2367950000', 'transactions_with_other_segments': '14812000'}, {'segment': 'StoreSupportService', 'period': 'Prior1YTDDuration', 'net_sales': '2332774000', 'operating_income': '37577000', 'revenues_from_external_customers': '2318717000', 'transactions_with_other_segments': '14057000'}, {'segment': 'Leasing', 'period': 'Prior1YTDDuration', 'net_sales': '324118000', 'operating_income': '117012000', 'revenues_from_external_customers': '289797000', 'transactions_with_other_segments': '34321000'}, {'segment': 'Leasing', 'period': 'CurrentYTDDuration', 'net_sales': '131746000', 'operating_income': '26152000', 'revenues_from_external_customers': '92520000', 'transactions_with_other_segments': '39225000'}, {'segment': 'Total', 'period': 'Prior1YTDDuration', 'net_sales': '14503329000', 'operating_income': '522440000', 'revenues_from_external_customers': '14358179000', 'transactions_with_other_segments': '145149000'}, {'segment': 'Total', 'period': 'CurrentYTDDuration', 'net_sales': '13540665000', 'operating_income': '464457000', 'revenues_from_external_customers': '13382556000', 'transactions_with_other_segments': '158108000'}, {'segment': 'OtherBusiness', 'period': 'CurrentYTDDuration', 'net_sales': '208755000', 'operating_income': '30016000', 'revenues_from_external_customers': '106857000', 'transactions_with_other_segments': '101897000'}, {'segment': 'OtherBusiness', 'period': 'Prior1YTDDuration', 'net_sales': '204061000', 'operating_income': '29013000', 'revenues_from_external_customers': '102593000', 'transactions_with_other_segments': '101467000'}]}",,,2019.0,3.0,2020-01-14 16:06:00+00:00
10,インターライフホールディングス株式会社,代表取締役社長    庄司  正英,東京都中央区銀座六丁目13番16号　銀座ウォールビル11階,2020-02-29T00:00:00.000Z,2020-05-28T09:15:00.000Z,2020-05-28T09:15:00.000Z,2020-04-13T16:00:00.000Z,有価証券報告書－第10期(平成31年3月1日－令和2年2月29日),【14180】インターライフホールディングス株式会社 2020年２月期　決算短信〔日本基準〕（連結）,Japan GAAP,19053249.0,20010529.0,957280.0,10404586000.0,7392038000.0,3144673000.0,1152027000.0,1152027000.0,,,,108559000.0,87086000.0,12755000.0,,,,-1729000.0,3012547000.0,1685420000.0,1365478000.0,40682000.0,973591000.0,,569399000.0,326396000.0,757727000.0,446424000.0,93970000.0,-141054000.0,,6605428000.0,2383031000.0,5305856000.0,1657053000.0,1657053000.0,1023567000.0,1023567000.0,,800000000.0,,,548432000.0,105700000.0,,,,67180000.0,1299572000.0,168650000.0,,,,760249000.0,,,3799157000.0,3844595000.0,2979460000.0,698682000.0,430241000.0,-263789000.0,-45437000.0,,19053081000.0,15034059000.0,4019022000.0,21.093816795299407,3663319000.0,355703000.0,1.8669054102063598,25627000.0,,1328000.0,9409000.0,,41039000.0,30127000.0,,340291000.0,4263000.0,1867000.0,2395000.0,73379000.0,,,937000.0,271174000.0,162867000.0,60.05996150073385,108307000.0,,108307000.0,0.568448745900991,614081000.0,271174000.0,100998000.0,104482000.0,267942000.0,-501403000.0,211173000.0,-124078000.0,-145744000.0,4476000.0,,,,,,,-8808000.0,3910000.0,,,-402611000.0,,460000000.0,-707349000.0,,-105700000.0,-109796000.0,,-80226000.0,,759825000.0,19000000000.0,400000000.0,350000000.0,150000000.0,4.0,5.684437336645314,199.3968062874736,605480000.0,561183000.0,2.8508166416918277,2.6657258058561446,1.831219521853152,2.7386564966912395,1.0409544406668367,3.1192192796466234,2.0060501842908836,3.2230010463924446,19.226911385093047,2.512999431204905,0.0,8.469706468598803,11.806784611810004,100.27937368421053,88.92575,72.20466666666667,-0.2785953620834336,12.453366994374516,38.495203449453875,30.223912801528098,1.9805760548648275,22.069388935049403,2.635617899331112,40.23027613500785,-396467000.0,-15.525269300627333,11.304648692907406,22.90365998224245,1.5008791491517828,388.0646038551917,-761642000.0,162.5773022826294,0.6272525720837544,139.3184813157387,-7.032250916376596,3799157000.0,36.51425438744031,-436658000.0,364.0,52343629.12087912,977206.043956044,"{'segments': [{'name': 'EngineeringFacilitiesConstruction', 'type': 'Segment'}, {'name': 'TemporaryEmployeeAgencyTrainingEducation', 'type': 'Segment'}, {'name': 'StoreSupportService', 'type': 'Segment'}, {'name': 'RealestateBusiness', 'type': 'Segment'}, {'name': 'NotInclude', 'type': 'NotInclude'}, {'name': 'Total', 'type': 'Total'}, {'name': 'OtherBusiness', 'type': 'Segment'}], 'periods': [{'name': 'CurrentYearInstant', 'instant': '2020-02-29'}, {'name': 'Prior1YearDuration', 'start_date': '2018-03-01', 'end_date': '2019-02-28'}, {'name': 'CurrentYearDuration', 'start_date': '2019-03-01', 'end_date': '2020-02-29'}, {'name': 'Prior1YearInstant', 'instant': '2019-02-28'}], 'values': [{'segment': 'EngineeringFacilitiesConstruction', 'period': 'Prior1YearDuration', 'net_sales': '13442089000', 'operating_income': '473386000', 'revenues_from_external_customers': '13400333000', 'transactions_with_other_segments': '41756000'}, {'segment': 'EngineeringFacilitiesConstruction', 'period': 'CurrentYearDuration', 'net_sales': '12924362000', 'operating_income': '608030000', 'revenues_from_external_customers': '12876960000', 'transactions_with_other_segments': '47402000'}, {'segment': 'TemporaryEmployeeAgencyTrainingEducation', 'period': 'CurrentYearDuration', 'net_sales': '2629726000', 'operating_income': '9440000', 'revenues_from_external_customers': '2531126000', 'transactions_with_other_segments': '98600000'}, {'segment': 'TemporaryEmployeeAgencyTrainingEducation', 'period': 'Prior1YearDuration', 'net_sales': '2504677000', 'operating_income': '19985000', 'revenues_from_external_customers': '2425955000', 'transactions_with_other_segments': '78722000'}, {'segment': 'StoreSupportService', 'period': 'Prior1YearDuration', 'net_sales': '3110632000', 'operating_income': '72167000', 'revenues_from_external_customers': '3089325000', 'transactions_with_other_segments': '21306000'}, {'segment': 'StoreSupportService', 'period': 'CurrentYearDuration', 'net_sales': '3325600000', 'operating_income': '120864000', 'revenues_from_external_customers': '3305755000', 'transactions_with_other_segments': '19845000'}, {'segment': 'RealestateBusiness', 'period': 'Prior1YearDuration', 'net_sales': '379177000', 'operating_income': '140211000', 'revenues_from_external_customers': '331894000', 'transactions_with_other_segments': '47283000'}, {'segment': 'RealestateBusiness', 'period': 'CurrentYearDuration', 'net_sales': '250459000', 'operating_income': '114911000', 'revenues_from_external_customers': '198492000', 'transactions_with_other_segments': '51966000'}, {'segment': 'Total', 'period': 'Prior1YearDuration', 'net_sales': '19436577000', 'operating_income': '705752000', 'revenues_from_external_customers': '19247509000', 'transactions_with_other_segments': '189068000'}, {'segment': 'Total', 'period': 'CurrentYearDuration', 'net_sales': '19130149000', 'operating_income': '853246000', 'revenues_from_external_customers': '18912334000', 'transactions_with_other_segments': '217814000'}, {'segment': 'OtherBusiness', 'period': 'Prior1YearDuration', 'net_sales': '274951000', 'operating_income': '37959000', 'revenues_from_external_customers': '139669000', 'transactions_with_other_segments': '135282000'}, {'segment': 'OtherBusiness', 'period': 'CurrentYearDuration', 'net_sales': '276481000', 'operating_income': '37954000', 'revenues_from_external_customers': '140746000', 'transactions_with_other_segments': '135734000'}]}",,,2019.0,4.0,2020-05-28 09:15:00+00:00
11,インターライフホールディングス株式会社,代表取締役社長    庄　司　正　英,東京都中央区銀座六丁目13番16号　銀座ウォールビル11階　,2020-05-31T00:00:00.000Z,2020-07-14T10:03:00.000Z,2020-07-14T10:03:00.000Z,2020-07-13T16:00:00.000Z,四半期報告書－第11期第1四半期(令和2年3月1日－令和2年5月31日),2021年２月期　第１四半期決算短信〔日本基準〕（連結）,Japan GAAP,19120649.0,20010529.0,889880.0,11075231000.0,8070783000.0,4352035000.0,0.0,,,,,100323000.0,100323000.0,,,,,-1619000.0,3004447000.0,1684641000.0,1376356000.0,40682000.0,973591000.0,,548472000.0,304212000.0,771333000.0,445257000.0,,-144791000.0,,7109805000.0,2526749000.0,5736769000.0,2432783000.0,2432783000.0,,,,880000000.0,,,563808000.0,105700000.0,,,,56898000.0,1373035000.0,168650000.0,,,,808591000.0,,,3965425000.0,4012557000.0,2979460000.0,698682000.0,579630000.0,-245216000.0,-47131000.0,,4811549000.0,3542401000.0,1269148000.0,26.377118886246404,907054000.0,362094000.0,7.525518289432363,11198000.0,,172000.0,6442000.0,,7824000.0,6748000.0,,365468000.0,,,,1898000.0,,,,363570000.0,134139000.0,36.8949583298952,229430000.0,,229430000.0,4.768318892730802,,363570000.0,,,,,,,,,,,,,,,,,,,,,,,,,,,,,0.0,19000000000.0,400000000.0,350000000.0,150000000.0,,5.664399780572301,207.38966548677297,400000000.0,362094000.0,2.7312835320299844,2.572221189125361,1.7203326052522065,2.7929493055599335,0.9779209119882014,2.970283914140317,1.928736415390532,0.0,18.85160059681404,0.0,0.0,1.8636044783951127,53.65945465323059,25.323942105263157,90.5235,152.95333333333335,294.8832278336977,10.468552364855533,-34.62058144096238,39.295207476936596,2.7409960625265803,0.0,2.4356625845355535,59.063609834177186,-2332460000.0,-56.62794724964163,11.309876110102984,22.81441353232271,1.5913955333523224,411.46835678029447,-1825286000.0,168.85326960906903,0.6371950043185787,140.68516616234677,-16.85289039489599,3965425000.0,35.80444507207118,231328000.0,,,,"{'segments': [{'name': 'EngineeringFacilitiesConstruction', 'type': 'Segment'}, {'name': 'TemporaryEmployeeAgencyTrainingEducation', 'type': 'Segment'}, {'name': 'StoreSupportService', 'type': 'Segment'}, {'name': 'RealestateBusiness', 'type': 'Segment'}, {'name': 'Total', 'type': 'Total'}, {'name': 'NotInclude', 'type': 'NotInclude'}], 'periods': [{'name': 'Prior1YTDDuration', 'start_date': '2019-03-01', 'end_date': '2019-05-31'}, {'name': 'CurrentYTDDuration', 'start_date': '2020-03-01', 'end_date': '2020-05-31'}], 'values': [{'segment': 'EngineeringFacilitiesConstruction', 'period': 'Prior1YTDDuration', 'net_sales': '3549412000', 'operating_income': '218247000', 'revenues_from_external_customers': '3548328000', 'transactions_with_other_segments': '1084000'}, {'segment': 'EngineeringFacilitiesConstruction', 'period': 'CurrentYTDDuration', 'net_sales': '3416849000', 'operating_income': '255180000', 'revenues_from_external_customers': '3394961000', 'transactions_with_other_segments': '21888000'}, {'segment': 'TemporaryEmployeeAgencyTrainingEducation', 'period': 'Prior1YTDDuration', 'net_sales': '646868000', 'operating_income': '227000', 'revenues_from_external_customers': '624513000', 'transactions_with_other_segments': '22354000'}, {'segment': 'TemporaryEmployeeAgencyTrainingEducation', 'period': 'CurrentYTDDuration', 'net_sales': '559678000', 'operating_income': '-64361000', 'revenues_from_external_customers': '542070000', 'transactions_with_other_segments': '17607000'}, {'segment': 'StoreSupportService', 'period': 'Prior1YTDDuration', 'net_sales': '893326000', 'operating_income': '39487000', 'revenues_from_external_customers': '888067000', 'transactions_with_other_segments': '5258000'}, {'segment': 'StoreSupportService', 'period': 'CurrentYTDDuration', 'net_sales': '555770000', 'operating_income': '-7530000', 'revenues_from_external_customers': '552165000', 'transactions_with_other_segments': '3605000'}, {'segment': 'RealestateBusiness', 'period': 'Prior1YTDDuration', 'net_sales': '54656000', 'operating_income': '24404000', 'revenues_from_external_customers': '41374000', 'transactions_with_other_segments': '13282000'}, {'segment': 'RealestateBusiness', 'period': 'CurrentYTDDuration', 'net_sales': '295179000', 'operating_income': '237384000', 'revenues_from_external_customers': '288610000', 'transactions_with_other_segments': '6568000'}, {'segment': 'Total', 'period': 'Prior1YTDDuration', 'net_sales': '5144263000', 'operating_income': '282367000', 'revenues_from_external_customers': '5102283000', 'transactions_with_other_segments': '41980000'}, {'segment': 'Total', 'period': 'CurrentYTDDuration', 'net_sales': '4827477000', 'operating_income': '420672000', 'revenues_from_external_customers': '4777807000', 'transactions_with_other_segments': '49669000'}, {'segment': 'NotInclude', 'period': 'CurrentYTDDuration', 'net_sales': '85761000', 'operating_income': '5968000', 'revenues_from_external_customers': '33741000', 'transactions_with_other_segments': '52019000'}, {'segment': 'NotInclude', 'period': 'Prior1YTDDuration', 'net_sales': '70869000', 'operating_income': '11966000', 'revenues_from_external_customers': '36756000', 'transactions_with_other_segments': '34113000'}]}",,,2020.0,1.0,2020-07-14 10:03:00+00:00
