,company_name,ceo_name,headquarters_address,end_date,updated_date,edinet_updated_date,tdnet_updated_date,edinet_title,tdnet_title,accounting_standard,num_of_shares,issued_share_num,treasury_stock_num,assets,current_assets,cash_and_deposits,trade_receivables,notes_accounts_receivable,notes_receivable,accounts_receivable,current_securities,inventories,merchandise,work_in_process,raw_materials_and_supplies,prepaid_expenses,current_dta,current_allowance_doubtful_accounts,non_current_assets,tangible_fixed_assets,buildings,machineries,land,construction_in_progress,intangible_assets,good_will,investments_and_other_assets,investment_securities,non_current_dta,non_current_allowance_doubtful_accounts,lease_and_guarantee_deposits,liabilities,debt,current_liabilities,trade_payables,notes_accounts_payable,accounts_payable,notes_payable,short_term_bonds_payable,short_term_loans_payable,commercial_papers_liabilities,current_lease_obligations,current_portion_of_long_term_loans,current_portion_of_bonds,current_portion_of_convertible_bonds,current_portion_of_bonds_with_subscription_rights,advances_received,corporate_tax_payable,non_current_liabilities,bonds_payable,convertible_bonds,convertible_bond_type_bonds_with_subscription_rights,non_current_bonds_with_subscription_right,long_term_loans_payable,non_current_lease_obligations,non_current_dtl,net_assets,shareholders_equity,capital_stock,additional_capital_stock,retained_earnings,treasury_stock,valuation_and_translation_adjustments,non_controlling_interests,net_sales,cost_of_sales,gross_profit,gross_margin,sga,operating_income,operating_margin,non_operating_income,interest_and_dividends_income,interest_income,dividends_income,equity_method_income,non_operating_expenses,interest_expense,equity_method_loss,ordinary_income,extraordinary_income,gain_of_sales_non_current_assets,gain_of_sales_investment_securities,extraordinary_loss,loss_of_sales_non_current_assets,loss_of_valuation_investment_securities,impairment_loss,income_before_income_taxes,income_taxes,real_corporate_tax_rate,net_income,non_controling_interests,profit_loss_attributable_to_owners_of_parent,net_profit_margin,operating_cash_flow,income_before_taxes,depreciation,amortization,decrease_trade_receivables_op_cf,decrease_inventories_op_cf,increase_trade_payables_op_cf,investment_cash_flow,purchase_of_property,sale_of_property,purchase_of_intangible_assets,sale_of_intangible_assets,purchase_of_non_current_assets,sale_of_non_current_assets,purchase_of_securities,sale_of_securities,purchase_of_investment_securities,sale_of_investment_securities,lending,return_of_lending,financial_cash_flow,net_short_term_debt,long_term_debt_issuance,long_term_debt_repayment,bonds_issuance,bonds_repayment,share_repurchase,share_sales,dividend_payment,cash_translation_difference,free_cash_flow,ex_net_sales,ex_operating_income,ex_ordinary_income,ex_net_income,dividend,eps_actual,bps,ebitda_forecast,ebitda_actual,roe,real_roe,total_asset_turnover,financial_leverage,roa,roic,doe,net_sales_operating_cash_flow_ratio,sga_ratio,depreciation_gross_profit_ratio,r_and_d_ratio,interest_op_income_ratio,interest_coverage_ratio,net_sales_progress,operating_income_progress,net_income_progress,net_sales_growth_rate_forecast,operating_income_growth_rate_forecast,net_income_growth_rate_forecast,cash_assets_ratio,cash_monthly_sales_ratio,accounts_receivable_turnover,inventory_turnover,trade_payable_turnover,working_capital,ccc,tangible_fixed_assets_turnover,debt_assets_ratio,debt_monthly_sales_ratio,operating_cash_flow_debt_ratio,net_debt,adjusted_debt_ratio,de_ratio,current_ratio,net_debt_net_income_ratio,equity,equity_ratio,accrual,employee_num,net_sales_per_employee,operating_income_per_employee,segment_member,increase_in_properties,r_and_d_expenses,fiscal_year,fiscal_quarter,to_datetime
0,タマホーム株式会社,代表取締役社長    玉木  伸弥,東京都港区高輪3丁目22番9号,2019-08-31T00:00:00.000Z,2019-10-10T15:35:00.000Z,2019-10-10T15:35:00.000Z,2019-10-10T15:30:00.000Z,【E27305】タマホーム株式会社 四半期報告書－第22期第1四半期(令和1年6月1日－令和1年8月31日),【14190】タマホーム株式会社 2020年５月期第１四半期決算短信〔日本基準〕(連結),Japan GAAP,29555800.0,30055800.0,500000.0,92846000000.0,66654000000.0,22732000000.0,0.0,,,,,18994000000.0,,,,,,-2000000.0,26191000000.0,19835000000.0,8915000000.0,3404000000.0,7027000000.0,,110000000.0,,6246000000.0,,,-503000000.0,,75240000000.0,22911000000.0,63341000000.0,12469000000.0,12469000000.0,,,,11092000000.0,,,3183000000.0,,,,,218000000.0,11899000000.0,,,,,8636000000.0,,,17605000000.0,17211000000.0,4310000000.0,4357000000.0,9289000000.0,-745000000.0,339000000.0,55000000.0,45234000000.0,33449000000.0,11785000000.0,26.053411150904186,9665000000.0,2119000000.0,4.684529336339922,67000000.0,,2000000.0,0.0,0.0,152000000.0,50000000.0,,2033000000.0,4000000.0,4000000.0,,52000000.0,,9000000.0,,1985000000.0,623000000.0,31.385390428211586,1361000000.0,6000000.0,1355000000.0,2.9955343325816863,,1985000000.0,,,,,,,,,,,,,,,,,,,,,,,,,,,,,0.0,200000000000.0,7700000000.0,7500000000.0,4300000000.0,,172.8594725908282,593.7920814188755,7700000000.0,2119000000.0,29.11111111111111,27.92566274938508,2.253268853800918,5.29037037037037,5.502660319238309,16.789006697807764,11.788638176638177,0.0,21.366671088119556,0.0,0.0,2.3596035865974514,42.38,22.617,27.51948051948052,31.511627906976745,342.1452889419463,263.37895233600756,217.34317343173433,24.483553411024708,1.3038951851515483,0.0,43.52893532325814,28.57546038463229,6525000000.0,14.953474938625849,10.547365767582557,24.676345776877838,1.314162528022485,1040.9359382099046,179000000.0,410.02724795640324,1.3054700854700854,105.23041947553718,0.03503621060872969,17550000000.0,18.902268272192664,1403000000.0,,,,"{'segments': [{'name': 'Housing', 'type': 'Segment'}, {'name': 'RealEstate', 'type': 'Segment'}, {'name': 'Financing', 'type': 'Segment'}, {'name': 'EnergyBusiness', 'type': 'Segment'}, {'name': 'Total', 'type': 'Total'}, {'name': 'NotInclude', 'type': 'NotInclude'}, {'name': 'Reconcile', 'type': 'Reconcile'}], 'periods': [{'name': 'Prior1YTDDuration', 'start_date': '2018-06-01', 'end_date': '2018-08-31'}, {'name': 'CurrentYTDDuration', 'start_date': '2019-06-01', 'end_date': '2019-08-31'}], 'values': [{'segment': 'Housing', 'period': 'Prior1YTDDuration', 'net_sales': '24394000000', 'operating_income': '-2223000000', 'revenues_from_external_customers': '24338000000', 'transactions_with_other_segments': '55000000'}, {'segment': 'Housing', 'period': 'CurrentYTDDuration', 'net_sales': '34403000000', 'operating_income': '-720000000', 'revenues_from_external_customers': '34332000000', 'transactions_with_other_segments': '71000000'}, {'segment': 'RealEstate', 'period': 'CurrentYTDDuration', 'net_sales': '8905000000', 'operating_income': '2539000000', 'revenues_from_external_customers': '8867000000', 'transactions_with_other_segments': '37000000'}, {'segment': 'RealEstate', 'period': 'Prior1YTDDuration', 'net_sales': '3983000000', 'operating_income': '300000000', 'revenues_from_external_customers': '3930000000', 'transactions_with_other_segments': '53000000'}, {'segment': 'Financing', 'period': 'CurrentYTDDuration', 'net_sales': '302000000', 'operating_income': '104000000', 'revenues_from_external_customers': '302000000', 'transactions_with_other_segments': None}, {'segment': 'Financing', 'period': 'Prior1YTDDuration', 'net_sales': '226000000', 'operating_income': '60000000', 'revenues_from_external_customers': '226000000', 'transactions_with_other_segments': None}, {'segment': 'EnergyBusiness', 'period': 'CurrentYTDDuration', 'net_sales': '233000000', 'operating_income': '90000000', 'revenues_from_external_customers': '233000000', 'transactions_with_other_segments': None}, {'segment': 'EnergyBusiness', 'period': 'Prior1YTDDuration', 'net_sales': '289000000', 'operating_income': '154000000', 'revenues_from_external_customers': '289000000', 'transactions_with_other_segments': None}, {'segment': 'Total', 'period': 'CurrentYTDDuration', 'net_sales': '43844000000', 'operating_income': '2014000000', 'revenues_from_external_customers': '43735000000', 'transactions_with_other_segments': '109000000'}, {'segment': 'Total', 'period': 'Prior1YTDDuration', 'net_sales': '28893000000', 'operating_income': '-1708000000', 'revenues_from_external_customers': '28785000000', 'transactions_with_other_segments': '108000000'}, {'segment': 'NotInclude', 'period': 'CurrentYTDDuration', 'net_sales': '3863000000', 'operating_income': '82000000', 'revenues_from_external_customers': '1498000000', 'transactions_with_other_segments': '2364000000'}, {'segment': 'NotInclude', 'period': 'Prior1YTDDuration', 'net_sales': '3164000000', 'operating_income': '-57000000', 'revenues_from_external_customers': '1249000000', 'transactions_with_other_segments': '1914000000'}, {'segment': 'Reconcile', 'period': 'CurrentYTDDuration', 'net_sales': '-2473000000', 'operating_income': '22000000', 'revenues_from_external_customers': None, 'transactions_with_other_segments': '-2473000000'}, {'segment': 'Reconcile', 'period': 'Prior1YTDDuration', 'net_sales': '-2023000000', 'operating_income': '9000000', 'revenues_from_external_customers': None, 'transactions_with_other_segments': '-2023000000'}]}",,,2019.0,1.0,2019-10-10 15:35:00+00:00
1,タマホーム株式会社,代表取締役社長    玉木  伸弥,東京都港区高輪3丁目22番9号,2019-11-30T00:00:00.000Z,2020-01-14T15:44:00.000Z,2020-01-14T15:44:00.000Z,2020-01-14T15:30:00.000Z,【E27305】タマホーム株式会社 四半期報告書－第22期第2四半期(令和1年9月1日－令和1年11月30日),【14190】タマホーム株式会社 2020年５月期第２四半期決算短信〔日本基準〕(連結),Japan GAAP,29455800.0,29455800.0,,98391000000.0,72638000000.0,28094000000.0,0.0,,,,,19283000000.0,,,,,,-2000000.0,25753000000.0,19126000000.0,8680000000.0,3348000000.0,6550000000.0,,98000000.0,,6527000000.0,,,-510000000.0,,79890000000.0,23491000000.0,68795000000.0,14402000000.0,14402000000.0,,,,12811000000.0,,,2844000000.0,,,,,1316000000.0,11094000000.0,,,,,7836000000.0,,,18501000000.0,18217000000.0,4310000000.0,4279000000.0,9628000000.0,,217000000.0,66000000.0,99263000000.0,75017000000.0,24246000000.0,24.42601976567301,20132000000.0,4113000000.0,4.143537874132355,158000000.0,,2000000.0,0.0,0.0,283000000.0,103000000.0,,3988000000.0,4000000.0,4000000.0,,165000000.0,,9000000.0,58000000.0,3827000000.0,1305000000.0,34.09981708910374,2521000000.0,12000000.0,2509000000.0,2.5276286229511498,828000000.0,3827000000.0,771000000.0,,,-4659000000.0,-125000000.0,-1148000000.0,-1073000000.0,66000000.0,,,,,,,-106000000.0,1000000.0,,,1404000000.0,4226000000.0,2978000000.0,-3551000000.0,,,-893000000.0,,-1139000000.0,-3000000.0,1901000000.0,200000000000.0,7700000000.0,7500000000.0,4300000000.0,,173.44631617542217,625.8529729289309,8471000000.0,4884000000.0,27.713588283157037,,2.1262818753747803,5.3371847030105775,5.192548098911486,16.20235653293899,11.18473555736371,0.834147668315485,20.281474466820466,3.179905963870329,0.0,2.5042548018477997,39.932038834951456,49.6315,53.41558441558441,58.348837209302324,101.48494403755679,87.21128130318503,71.38302112395377,28.553424601843663,1.6114565956206053,0.0,44.191242489122175,33.00535571894091,4881000000.0,11.185886770181263,10.938356164383562,23.875151182526857,1.3474310133026142,1067.287596547024,-4603000000.0,431.81449651370195,1.2742609167344725,105.58616178501346,-0.9009590917987864,18435000000.0,18.736469799066988,1842000000.0,,,,"{'segments': [{'name': 'Housing', 'type': 'Segment'}, {'name': 'RealEstate', 'type': 'Segment'}, {'name': 'Financing', 'type': 'Segment'}, {'name': 'EnergyBusiness', 'type': 'Segment'}, {'name': 'Total', 'type': 'Total'}, {'name': 'NotInclude', 'type': 'NotInclude'}, {'name': 'Reconcile', 'type': 'Reconcile'}], 'periods': [{'name': 'Prior1YTDDuration', 'start_date': '2018-06-01', 'end_date': '2018-11-30'}, {'name': 'CurrentYTDDuration', 'start_date': '2019-06-01', 'end_date': '2019-11-30'}], 'values': [{'segment': 'Housing', 'period': 'Prior1YTDDuration', 'net_sales': '64022000000', 'operating_income': '-1795000000', 'revenues_from_external_customers': '63898000000', 'transactions_with_other_segments': '123000000'}, {'segment': 'Housing', 'period': 'CurrentYTDDuration', 'net_sales': '78856000000', 'operating_income': '258000000', 'revenues_from_external_customers': '78699000000', 'transactions_with_other_segments': '157000000'}, {'segment': 'RealEstate', 'period': 'CurrentYTDDuration', 'net_sales': '16282000000', 'operating_income': '3163000000', 'revenues_from_external_customers': '16233000000', 'transactions_with_other_segments': '49000000'}, {'segment': 'RealEstate', 'period': 'Prior1YTDDuration', 'net_sales': '15188000000', 'operating_income': '4372000000', 'revenues_from_external_customers': '15087000000', 'transactions_with_other_segments': '101000000'}, {'segment': 'Financing', 'period': 'CurrentYTDDuration', 'net_sales': '665000000', 'operating_income': '242000000', 'revenues_from_external_customers': '665000000', 'transactions_with_other_segments': None}, {'segment': 'Financing', 'period': 'Prior1YTDDuration', 'net_sales': '511000000', 'operating_income': '163000000', 'revenues_from_external_customers': '511000000', 'transactions_with_other_segments': None}, {'segment': 'EnergyBusiness', 'period': 'CurrentYTDDuration', 'net_sales': '444000000', 'operating_income': '168000000', 'revenues_from_external_customers': '444000000', 'transactions_with_other_segments': None}, {'segment': 'EnergyBusiness', 'period': 'Prior1YTDDuration', 'net_sales': '489000000', 'operating_income': '227000000', 'revenues_from_external_customers': '489000000', 'transactions_with_other_segments': None}, {'segment': 'Total', 'period': 'CurrentYTDDuration', 'net_sales': '96249000000', 'operating_income': '3832000000', 'revenues_from_external_customers': '96043000000', 'transactions_with_other_segments': '206000000'}, {'segment': 'Total', 'period': 'Prior1YTDDuration', 'net_sales': '80212000000', 'operating_income': '2968000000', 'revenues_from_external_customers': '79987000000', 'transactions_with_other_segments': '224000000'}, {'segment': 'NotInclude', 'period': 'CurrentYTDDuration', 'net_sales': '8136000000', 'operating_income': '246000000', 'revenues_from_external_customers': '3220000000', 'transactions_with_other_segments': '4915000000'}, {'segment': 'NotInclude', 'period': 'Prior1YTDDuration', 'net_sales': '7088000000', 'operating_income': '16000000', 'revenues_from_external_customers': '2869000000', 'transactions_with_other_segments': '4218000000'}, {'segment': 'Reconcile', 'period': 'Prior1YTDDuration', 'net_sales': '-4443000000', 'operating_income': '27000000', 'revenues_from_external_customers': None, 'transactions_with_other_segments': '-4443000000'}, {'segment': 'Reconcile', 'period': 'CurrentYTDDuration', 'net_sales': '-5122000000', 'operating_income': '34000000', 'revenues_from_external_customers': None, 'transactions_with_other_segments': '-5122000000'}]}",,,2019.0,2.0,2020-01-14 15:44:00+00:00
2,タマホーム株式会社,代表取締役社長    玉木  伸弥,東京都港区高輪3丁目22番9号,2020-02-29T00:00:00.000Z,2020-04-14T15:38:00.000Z,2020-04-14T15:38:00.000Z,2020-04-14T15:30:00.000Z,【E27305】タマホーム株式会社 四半期報告書－第22期第3四半期(令和1年12月1日－令和2年2月29日),【14190】タマホーム株式会社 2020年５月期第３四半期決算短信〔日本基準〕(連結),Japan GAAP,29455800.0,29455800.0,,100982000000.0,75579000000.0,25548000000.0,0.0,,,,,20894000000.0,,,,,,-2000000.0,25402000000.0,19217000000.0,8711000000.0,3292000000.0,6536000000.0,,96000000.0,,6089000000.0,,,-510000000.0,,81482000000.0,25740000000.0,70760000000.0,13571000000.0,13571000000.0,,,,16220000000.0,,,2216000000.0,,,,,128000000.0,10721000000.0,,,,,7304000000.0,,,19499000000.0,19174000000.0,4310000000.0,4279000000.0,10584000000.0,,268000000.0,55000000.0,144271000000.0,109437000000.0,34834000000.0,24.144838533038516,29275000000.0,5558000000.0,3.8524720837867625,192000000.0,,3000000.0,0.0,0.0,395000000.0,155000000.0,,5356000000.0,9000000.0,5000000.0,3000000.0,200000000.0,,9000000.0,61000000.0,5164000000.0,1680000000.0,32.53292021688613,3484000000.0,18000000.0,3465000000.0,2.4017300774237373,,5164000000.0,,,,,,,,,,,,,,,,,,,,,,,,,,,,,0.0,205000000000.0,9000000000.0,9000000000.0,4600000000.0,,173.44631617542217,660.1076867713659,9000000000.0,5558000000.0,26.275457724747998,,2.0717256540769644,5.193478708084756,5.059317502129092,15.034082861189802,10.604330384694508,0.0,20.29167330925827,0.0,0.0,2.788772939906441,35.85806451612903,70.37609756097561,61.75555555555555,75.32608695652173,42.09369866431922,61.928751349406255,32.75613275613276,25.29955833712939,1.4654194171323138,0.0,47.883203887762214,31.100936152044653,7323000000.0,16.78226773571756,10.886558776083676,25.48969123210077,1.4764324329491842,1169.4684234438892,192000000.0,417.8778398892251,1.3238016868957005,106.8103448275862,0.037580739870816206,19444000000.0,19.2549167178309,3656000000.0,,,,"{'segments': [{'name': 'Housing', 'type': 'Segment'}, {'name': 'RealEstate', 'type': 'Segment'}, {'name': 'Financing', 'type': 'Segment'}, {'name': 'EnergyBusiness', 'type': 'Segment'}, {'name': 'Total', 'type': 'Total'}, {'name': 'NotInclude', 'type': 'NotInclude'}, {'name': 'Reconcile', 'type': 'Reconcile'}], 'periods': [{'name': 'Prior1YTDDuration', 'start_date': '2018-06-01', 'end_date': '2019-02-28'}, {'name': 'CurrentYTDDuration', 'start_date': '2019-06-01', 'end_date': '2020-02-29'}], 'values': [{'segment': 'Housing', 'period': 'Prior1YTDDuration', 'net_sales': '96447000000', 'operating_income': '-2468000000', 'revenues_from_external_customers': '96258000000', 'transactions_with_other_segments': '188000000'}, {'segment': 'Housing', 'period': 'CurrentYTDDuration', 'net_sales': '116278000000', 'operating_income': '1045000000', 'revenues_from_external_customers': '116048000000', 'transactions_with_other_segments': '230000000'}, {'segment': 'RealEstate', 'period': 'Prior1YTDDuration', 'net_sales': '18831000000', 'operating_income': '4615000000', 'revenues_from_external_customers': '18680000000', 'transactions_with_other_segments': '151000000'}, {'segment': 'RealEstate', 'period': 'CurrentYTDDuration', 'net_sales': '21944000000', 'operating_income': '3549000000', 'revenues_from_external_customers': '21889000000', 'transactions_with_other_segments': '55000000'}, {'segment': 'Financing', 'period': 'CurrentYTDDuration', 'net_sales': '1015000000', 'operating_income': '382000000', 'revenues_from_external_customers': '1015000000', 'transactions_with_other_segments': None}, {'segment': 'Financing', 'period': 'Prior1YTDDuration', 'net_sales': '790000000', 'operating_income': '252000000', 'revenues_from_external_customers': '790000000', 'transactions_with_other_segments': None}, {'segment': 'EnergyBusiness', 'period': 'Prior1YTDDuration', 'net_sales': '637000000', 'operating_income': '229000000', 'revenues_from_external_customers': '637000000', 'transactions_with_other_segments': None}, {'segment': 'EnergyBusiness', 'period': 'CurrentYTDDuration', 'net_sales': '584000000', 'operating_income': '148000000', 'revenues_from_external_customers': '584000000', 'transactions_with_other_segments': None}, {'segment': 'Total', 'period': 'CurrentYTDDuration', 'net_sales': '139823000000', 'operating_income': '5126000000', 'revenues_from_external_customers': '139538000000', 'transactions_with_other_segments': '285000000'}, {'segment': 'Total', 'period': 'Prior1YTDDuration', 'net_sales': '116707000000', 'operating_income': '2629000000', 'revenues_from_external_customers': '116366000000', 'transactions_with_other_segments': '340000000'}, {'segment': 'NotInclude', 'period': 'Prior1YTDDuration', 'net_sales': '10690000000', 'operating_income': '8000000', 'revenues_from_external_customers': '4414000000', 'transactions_with_other_segments': '6275000000'}, {'segment': 'NotInclude', 'period': 'CurrentYTDDuration', 'net_sales': '11668000000', 'operating_income': '364000000', 'revenues_from_external_customers': '4733000000', 'transactions_with_other_segments': '6935000000'}, {'segment': 'Reconcile', 'period': 'Prior1YTDDuration', 'net_sales': '-6615000000', 'operating_income': '49000000', 'revenues_from_external_customers': None, 'transactions_with_other_segments': '-6615000000'}, {'segment': 'Reconcile', 'period': 'CurrentYTDDuration', 'net_sales': '-7221000000', 'operating_income': '68000000', 'revenues_from_external_customers': None, 'transactions_with_other_segments': '-7221000000'}]}",,,2019.0,3.0,2020-04-14 15:38:00+00:00
4,タマホーム株式会社,代表取締役会長 兼 社長 兼 CEO    玉木  康裕,東京都港区高輪3丁目22番9号,2017-11-30T00:00:00.000Z,2018-01-12T15:32:00.000Z,2018-01-12T15:32:00.000Z,2018-01-12T15:30:00.000Z,【E27305】タマホーム株式会社 四半期報告書－第20期第2四半期(平成29年9月1日－平成29年11月30日),【14190】タマホーム株式会社 平成30年５月期第２四半期決算短信〔日本基準〕(連結),Japan GAAP,30055800.0,30055800.0,,87779000000.0,58460000000.0,25258000000.0,0.0,,,,,12969000000.0,,,,,1178000000.0,-5000000.0,29318000000.0,23783000000.0,10972000000.0,3795000000.0,8243000000.0,,196000000.0,,5339000000.0,,,-552000000.0,,74808000000.0,29184000000.0,58741000000.0,12495000000.0,12495000000.0,,,,8174000000.0,,,7725000000.0,200000000.0,,,,322000000.0,16066000000.0,,,,,13085000000.0,,,12971000000.0,12514000000.0,4310000000.0,4356000000.0,3848000000.0,,263000000.0,193000000.0,72126000000.0,53983000000.0,18143000000.0,25.15459057760031,18199000000.0,-55000000.0,,216000000.0,,6000000.0,0.0,,347000000.0,184000000.0,,-186000000.0,52000000.0,52000000.0,,299000000.0,,,24000000.0,-433000000.0,165000000.0,-38.10623556581986,-599000000.0,0.0,-598000000.0,,2047000000.0,-433000000.0,972000000.0,11000000.0,,-4537000000.0,321000000.0,-863000000.0,-918000000.0,8000000.0,,,,,,,-4000000.0,,,,-2610000000.0,864000000.0,320000000.0,-3217000000.0,,-100000000.0,,,-449000000.0,-20000000.0,2965000000.0,170200000000.0,4000000000.0,3600000000.0,1600000000.0,,68.10665495511681,425.1425681565621,4983000000.0,,16.019721396149635,,1.9129290604814364,6.8695413992800125,2.3319928456692374,8.312282541346933,7.056456409453748,2.8380888999805896,25.23223248204531,5.357438130408422,0.0,-334.5454545454545,-0.29891304347826086,42.37720329024677,-1.375,-37.375,135.97593100962206,-7372.727272727273,-367.55852842809367,28.77453605076385,1.8050561295893757,0.0,37.361070551929345,35.995572252784115,474000000.0,1.36549829914523,7.0602951688180635,33.247132001959464,2.0856266563439836,648.389246834037,3926000000.0,576.7327114331971,2.2839254969478793,99.52162884526992,1.9179286761113825,12778000000.0,14.557012497294341,-2398000000.0,,,,"{'segments': [{'name': 'Housing', 'type': 'Segment'}, {'name': 'RealEstate', 'type': 'Segment'}, {'name': 'Financing', 'type': 'Segment'}, {'name': 'EnergyBusiness', 'type': 'Segment'}, {'name': 'Total', 'type': 'Total'}, {'name': 'NotInclude', 'type': 'NotInclude'}, {'name': 'Reconcile', 'type': 'Reconcile'}], 'periods': [{'name': 'CurrentYTDDuration', 'start_date': '2017-06-01', 'end_date': '2017-11-30'}, {'name': 'Prior1YTDDuration', 'start_date': '2016-06-01', 'end_date': '2016-11-30'}], 'values': [{'segment': 'Housing', 'period': 'CurrentYTDDuration', 'net_sales': '60847000000', 'operating_income': '-822000000', 'revenues_from_external_customers': '60733000000', 'transactions_with_other_segments': '113000000'}, {'segment': 'Housing', 'period': 'Prior1YTDDuration', 'net_sales': '54117000000', 'operating_income': '-1522000000', 'revenues_from_external_customers': '54020000000', 'transactions_with_other_segments': '97000000'}, {'segment': 'RealEstate', 'period': 'Prior1YTDDuration', 'net_sales': '6215000000', 'operating_income': '139000000', 'revenues_from_external_customers': '6149000000', 'transactions_with_other_segments': '65000000'}, {'segment': 'RealEstate', 'period': 'CurrentYTDDuration', 'net_sales': '7760000000', 'operating_income': '449000000', 'revenues_from_external_customers': '7694000000', 'transactions_with_other_segments': '65000000'}, {'segment': 'Financing', 'period': 'CurrentYTDDuration', 'net_sales': '535000000', 'operating_income': '193000000', 'revenues_from_external_customers': '535000000', 'transactions_with_other_segments': None}, {'segment': 'Financing', 'period': 'Prior1YTDDuration', 'net_sales': '448000000', 'operating_income': '133000000', 'revenues_from_external_customers': '448000000', 'transactions_with_other_segments': None}, {'segment': 'EnergyBusiness', 'period': 'Prior1YTDDuration', 'net_sales': '460000000', 'operating_income': '195000000', 'revenues_from_external_customers': '460000000', 'transactions_with_other_segments': None}, {'segment': 'EnergyBusiness', 'period': 'CurrentYTDDuration', 'net_sales': '454000000', 'operating_income': '193000000', 'revenues_from_external_customers': '454000000', 'transactions_with_other_segments': None}, {'segment': 'Total', 'period': 'Prior1YTDDuration', 'net_sales': '61242000000', 'operating_income': '-1054000000', 'revenues_from_external_customers': '61079000000', 'transactions_with_other_segments': '163000000'}, {'segment': 'Total', 'period': 'CurrentYTDDuration', 'net_sales': '69597000000', 'operating_income': '13000000', 'revenues_from_external_customers': '69418000000', 'transactions_with_other_segments': '179000000'}, {'segment': 'NotInclude', 'period': 'CurrentYTDDuration', 'net_sales': '6595000000', 'operating_income': '-84000000', 'revenues_from_external_customers': '2708000000', 'transactions_with_other_segments': '3887000000'}, {'segment': 'NotInclude', 'period': 'Prior1YTDDuration', 'net_sales': '5732000000', 'operating_income': '-306000000', 'revenues_from_external_customers': '2415000000', 'transactions_with_other_segments': '3316000000'}, {'segment': 'Reconcile', 'period': 'Prior1YTDDuration', 'net_sales': '-3479000000', 'operating_income': '14000000', 'revenues_from_external_customers': None, 'transactions_with_other_segments': '-3479000000'}, {'segment': 'Reconcile', 'period': 'CurrentYTDDuration', 'net_sales': '-4066000000', 'operating_income': '15000000', 'revenues_from_external_customers': None, 'transactions_with_other_segments': '-4066000000'}]}",,,2017.0,2.0,2018-01-12 15:32:00+00:00
5,タマホーム株式会社,代表取締役会長 兼 社長 兼 CEO    玉木  康裕,東京都港区高輪3丁目22番9号,2018-02-28T00:00:00.000Z,2018-04-13T15:34:00.000Z,2018-04-13T15:34:00.000Z,2018-04-13T15:30:00.000Z,【E27305】タマホーム株式会社 四半期報告書－第20期第3四半期(平成29年12月1日－平成30年2月28日),【14190】タマホーム株式会社 平成30年５月期第３四半期決算短信〔日本基準〕(連結),Japan GAAP,30055800.0,30055800.0,,96308000000.0,67067000000.0,27452000000.0,0.0,,,,,16071000000.0,,,,,1143000000.0,-5000000.0,29240000000.0,23771000000.0,11425000000.0,3739000000.0,8245000000.0,,174000000.0,,5294000000.0,,,-550000000.0,,83831000000.0,36387000000.0,60751000000.0,11125000000.0,11125000000.0,,,,9227000000.0,,,6980000000.0,200000000.0,,,,163000000.0,23080000000.0,,,,,19980000000.0,,,12476000000.0,12059000000.0,4310000000.0,4356000000.0,3391000000.0,,382000000.0,34000000.0,109313000000.0,82202000000.0,27111000000.0,24.80125877068601,26832000000.0,278000000.0,0.254315589179695,188000000.0,,11000000.0,0.0,,735000000.0,282000000.0,,-268000000.0,52000000.0,52000000.0,,710000000.0,,,24000000.0,-926000000.0,298000000.0,-32.18142548596112,-1224000000.0,-169000000.0,-1055000000.0,,,-926000000.0,,,,,,,,,,,,,,,,,,,,,,,,,,,,,0.0,170200000000.0,4000000000.0,3600000000.0,1600000000.0,,68.10665495511681,413.96336148097873,4000000000.0,278000000.0,16.452338852274554,,1.7435207874735223,7.740556180678348,2.1254724425800555,7.143295992135822,7.247018164282269,0.0,24.546028377228694,0.0,0.0,101.43884892086331,0.9858156028368794,64.2262044653349,6.95,-65.9375,55.699688051741326,1338.8489208633093,-251.65876777251182,28.5043817751381,1.9618497454069024,0.0,46.297306256462065,32.04887885652047,4946000000.0,14.248427399941598,7.063859324386858,37.78190804502222,2.6003871006163832,808.4203510331039,8935000000.0,671.93812119269,2.9245298183571773,110.39653668252373,4.364924279433317,12442000000.0,12.918968310005399,-397000000.0,,,,"{'segments': [{'name': 'Housing', 'type': 'Segment'}, {'name': 'RealEstate', 'type': 'Segment'}, {'name': 'Financing', 'type': 'Segment'}, {'name': 'EnergyBusiness', 'type': 'Segment'}, {'name': 'Total', 'type': 'Total'}, {'name': 'NotInclude', 'type': 'NotInclude'}, {'name': 'Reconcile', 'type': 'Reconcile'}], 'periods': [{'name': 'CurrentYTDDuration', 'start_date': '2017-06-01', 'end_date': '2018-02-28'}, {'name': 'Prior1YTDDuration', 'start_date': '2016-06-01', 'end_date': '2017-02-28'}], 'values': [{'segment': 'Housing', 'period': 'CurrentYTDDuration', 'net_sales': '91574000000', 'operating_income': '-907000000', 'revenues_from_external_customers': '91403000000', 'transactions_with_other_segments': '171000000'}, {'segment': 'Housing', 'period': 'Prior1YTDDuration', 'net_sales': '83190000000', 'operating_income': '-1900000000', 'revenues_from_external_customers': '83040000000', 'transactions_with_other_segments': '149000000'}, {'segment': 'RealEstate', 'period': 'Prior1YTDDuration', 'net_sales': '10746000000', 'operating_income': '525000000', 'revenues_from_external_customers': '10648000000', 'transactions_with_other_segments': '98000000'}, {'segment': 'RealEstate', 'period': 'CurrentYTDDuration', 'net_sales': '12493000000', 'operating_income': '762000000', 'revenues_from_external_customers': '12391000000', 'transactions_with_other_segments': '101000000'}, {'segment': 'Financing', 'period': 'CurrentYTDDuration', 'net_sales': '789000000', 'operating_income': '319000000', 'revenues_from_external_customers': '789000000', 'transactions_with_other_segments': None}, {'segment': 'Financing', 'period': 'Prior1YTDDuration', 'net_sales': '720000000', 'operating_income': '216000000', 'revenues_from_external_customers': '720000000', 'transactions_with_other_segments': None}, {'segment': 'EnergyBusiness', 'period': 'CurrentYTDDuration', 'net_sales': '618000000', 'operating_income': '211000000', 'revenues_from_external_customers': '618000000', 'transactions_with_other_segments': None}, {'segment': 'EnergyBusiness', 'period': 'Prior1YTDDuration', 'net_sales': '631000000', 'operating_income': '219000000', 'revenues_from_external_customers': '631000000', 'transactions_with_other_segments': None}, {'segment': 'Total', 'period': 'Prior1YTDDuration', 'net_sales': '95288000000', 'operating_income': '-939000000', 'revenues_from_external_customers': '95039000000', 'transactions_with_other_segments': '248000000'}, {'segment': 'Total', 'period': 'CurrentYTDDuration', 'net_sales': '105476000000', 'operating_income': '385000000', 'revenues_from_external_customers': '105203000000', 'transactions_with_other_segments': '273000000'}, {'segment': 'NotInclude', 'period': 'Prior1YTDDuration', 'net_sales': '8801000000', 'operating_income': '-413000000', 'revenues_from_external_customers': '3722000000', 'transactions_with_other_segments': '5078000000'}, {'segment': 'NotInclude', 'period': 'CurrentYTDDuration', 'net_sales': '9687000000', 'operating_income': '-135000000', 'revenues_from_external_customers': '4109000000', 'transactions_with_other_segments': '5578000000'}, {'segment': 'Reconcile', 'period': 'Prior1YTDDuration', 'net_sales': '-5327000000', 'operating_income': '24000000', 'revenues_from_external_customers': None, 'transactions_with_other_segments': '-5327000000'}, {'segment': 'Reconcile', 'period': 'CurrentYTDDuration', 'net_sales': '-5851000000', 'operating_income': '27000000', 'revenues_from_external_customers': None, 'transactions_with_other_segments': '-5851000000'}]}",,,2017.0,3.0,2018-04-13 15:34:00+00:00
6,タマホーム株式会社,代表取締役社長    玉木  伸弥,東京都港区高輪３丁目22番９号,2018-05-31T00:00:00.000Z,2018-08-30T15:44:00.000Z,2018-08-30T15:44:00.000Z,2018-07-13T15:30:00.000Z,【E27305】タマホーム株式会社 有価証券報告書－第20期(平成29年6月1日－平成30年5月31日),【14190】タマホーム株式会社 平成30年５月期決算短信〔日本基準〕(連結),Japan GAAP,30055800.0,30055800.0,,90767000000.0,61012000000.0,31627000000.0,0.0,,,,,15389000000.0,,,,,1002000000.0,-3000000.0,29754000000.0,23377000000.0,23984000000.0,4433000000.0,8240000000.0,19000000.0,160000000.0,,6216000000.0,1499000000.0,1017000000.0,-510000000.0,,75254000000.0,33926000000.0,53103000000.0,12793000000.0,12793000000.0,,,,8475000000.0,,,6264000000.0,100000000.0,,,,863000000.0,22151000000.0,,,,,19087000000.0,,17000000.0,15513000000.0,15161000000.0,4310000000.0,4356000000.0,6494000000.0,,325000000.0,25000000.0,167915000000.0,126701000000.0,41214000000.0,24.544561236339813,36560000000.0,4653000000.0,2.77104487389453,285000000.0,,12000000.0,0.0,,909000000.0,380000000.0,,4029000000.0,52000000.0,52000000.0,,1045000000.0,,5000000.0,74000000.0,3036000000.0,1165000000.0,38.37285902503294,1870000000.0,-176000000.0,2047000000.0,1.2190691719024507,4501000000.0,3036000000.0,1902000000.0,23000000.0,,-3993000000.0,618000000.0,-1494000000.0,-1605000000.0,8000000.0,,,,,,,0.0,,,,1918000000.0,1165000000.0,10369000000.0,-8726000000.0,,-200000000.0,,,-449000000.0,-4000000.0,6106000000.0,182800000000.0,5300000000.0,4700000000.0,2400000000.0,30.0,68.10665495511681,515.3081934268927,7225000000.0,6578000000.0,13.21668388429752,,1.8499564819813368,5.860472623966942,2.255224916544559,7.058728295624722,5.821758780991735,2.6805228836018222,21.772920823035463,4.614936672004659,0.1524580889140339,8.166774124220932,12.244736842105263,91.85722100656456,87.79245283018868,85.29166666666667,8.864604115177332,13.90500752202879,17.244748412310695,34.84416142430619,2.2602149897269452,0.0,44.33260195262863,36.854050086423946,2596000000.0,7.478551866204683,7.182914830816615,37.377020282701864,2.42451240210821,753.7436125305487,2299000000.0,485.1028169922001,2.190470041322314,114.89369715458638,1.1231069858329263,15488000000.0,17.06347020392874,-1461000000.0,3408.0,49270833.333333336,1365316.9014084507,"{'segments': [{'name': 'Housing', 'type': 'Segment'}, {'name': 'RealEstate', 'type': 'Segment'}, {'name': 'Financing', 'type': 'Segment'}, {'name': 'EnergyBusiness', 'type': 'Segment'}, {'name': 'Total', 'type': 'Total'}, {'name': 'NotInclude', 'type': 'NotInclude'}, {'name': 'Reconcile', 'type': 'Reconcile'}], 'periods': [{'name': 'CurrentYearDuration', 'start_date': '2017-06-01', 'end_date': '2018-05-31'}, {'name': 'Prior1YearDuration', 'start_date': '2016-06-01', 'end_date': '2017-05-31'}, {'name': 'Prior1YearInstant', 'instant': '2017-05-31'}, {'name': 'CurrentYearInstant', 'instant': '2018-05-31'}], 'values': [{'segment': 'Housing', 'period': 'CurrentYearDuration', 'net_sales': '142109000000', 'operating_income': '2444000000', 'revenues_from_external_customers': '141847000000', 'transactions_with_other_segments': '261000000'}, {'segment': 'Housing', 'period': 'Prior1YearDuration', 'net_sales': '132126000000', 'operating_income': '2437000000', 'revenues_from_external_customers': '131900000000', 'transactions_with_other_segments': '225000000'}, {'segment': 'RealEstate', 'period': 'Prior1YearDuration', 'net_sales': '17797000000', 'operating_income': '1146000000', 'revenues_from_external_customers': '17666000000', 'transactions_with_other_segments': '131000000'}, {'segment': 'RealEstate', 'period': 'CurrentYearDuration', 'net_sales': '18174000000', 'operating_income': '1383000000', 'revenues_from_external_customers': '18019000000', 'transactions_with_other_segments': '154000000'}, {'segment': 'Financing', 'period': 'CurrentYearDuration', 'net_sales': '1163000000', 'operating_income': '516000000', 'revenues_from_external_customers': '1163000000', 'transactions_with_other_segments': None}, {'segment': 'Financing', 'period': 'Prior1YearDuration', 'net_sales': '1060000000', 'operating_income': '387000000', 'revenues_from_external_customers': '1060000000', 'transactions_with_other_segments': None}, {'segment': 'EnergyBusiness', 'period': 'CurrentYearDuration', 'net_sales': '880000000', 'operating_income': '330000000', 'revenues_from_external_customers': '880000000', 'transactions_with_other_segments': None}, {'segment': 'EnergyBusiness', 'period': 'Prior1YearDuration', 'net_sales': '901000000', 'operating_income': '328000000', 'revenues_from_external_customers': '901000000', 'transactions_with_other_segments': None}, {'segment': 'Total', 'period': 'Prior1YearDuration', 'net_sales': '151885000000', 'operating_income': '4300000000', 'revenues_from_external_customers': '151528000000', 'transactions_with_other_segments': '357000000'}, {'segment': 'Total', 'period': 'CurrentYearDuration', 'net_sales': '162327000000', 'operating_income': '4675000000', 'revenues_from_external_customers': '161911000000', 'transactions_with_other_segments': '416000000'}, {'segment': 'NotInclude', 'period': 'Prior1YearDuration', 'net_sales': '12237000000', 'operating_income': '-475000000', 'revenues_from_external_customers': '5472000000', 'transactions_with_other_segments': '6765000000'}, {'segment': 'NotInclude', 'period': 'CurrentYearDuration', 'net_sales': '13756000000', 'operating_income': '-53000000', 'revenues_from_external_customers': '6004000000', 'transactions_with_other_segments': '7752000000'}, {'segment': 'Reconcile', 'period': 'Prior1YearDuration', 'net_sales': '-7122000000', 'operating_income': '76000000', 'revenues_from_external_customers': None, 'transactions_with_other_segments': '-7122000000'}, {'segment': 'Reconcile', 'period': 'CurrentYearDuration', 'net_sales': '-8168000000', 'operating_income': '31000000', 'revenues_from_external_customers': None, 'transactions_with_other_segments': '-8168000000'}]}",1637000000.0,256000000.0,2017.0,4.0,2018-08-30 15:44:00+00:00
7,タマホーム株式会社,代表取締役社長    玉木  伸弥,東京都港区高輪3丁目22番9号,2018-08-31T00:00:00.000Z,2018-10-12T15:34:00.000Z,2018-10-12T15:34:00.000Z,2018-10-12T15:30:00.000Z,【E27305】タマホーム株式会社 四半期報告書－第21期第1四半期(平成30年6月1日－平成30年8月31日),【14190】タマホーム株式会社 2019年５月期第１四半期決算短信〔日本基準〕(連結),Japan GAAP,30055800.0,30055800.0,,91285000000.0,61501000000.0,25327000000.0,0.0,,,,,15525000000.0,,,,,,-3000000.0,29783000000.0,22590000000.0,10722000000.0,3627000000.0,7846000000.0,,145000000.0,,7048000000.0,,,-510000000.0,,77708000000.0,32196000000.0,57134000000.0,10414000000.0,10414000000.0,,,,9070000000.0,,,5625000000.0,100000000.0,,,,129000000.0,20573000000.0,,,,,17401000000.0,,,13576000000.0,13197000000.0,4310000000.0,4356000000.0,4530000000.0,,344000000.0,34000000.0,30034000000.0,22754000000.0,7280000000.0,24.239195578344543,9036000000.0,-1756000000.0,,122000000.0,,2000000.0,0.0,,154000000.0,94000000.0,,-1787000000.0,,,,51000000.0,,,28000000.0,-1838000000.0,-778000000.0,42.32861806311208,-1059000000.0,2000000.0,-1062000000.0,,,-1838000000.0,,,,,,,,,,,,,,,,,,,,,,,,,,,,,0.0,182800000000.0,5300000000.0,4700000000.0,2400000000.0,,130.88987815995583,450.5619547641387,5300000000.0,,29.050361837247085,,2.0471490387248727,6.740880224486782,4.309579887166566,12.16493943766671,11.763088170137351,0.0,30.085902643670508,0.0,0.0,-5.353075170842825,-18.680851063829788,16.429978118161927,-33.132075471698116,-44.25,508.6435373243657,-401.8223234624146,-325.98870056497174,27.74497453031714,1.6263578667979492,0.0,40.225060870429395,26.982530364228772,5111000000.0,13.242530506200623,8.272421425409473,35.26975954428438,2.0674465147639585,257.05389221556885,6869000000.0,572.3924572775486,2.3774922463447052,107.64343473238351,1.7460599898322318,13542000000.0,14.83485786273758,-1011000000.0,,,,"{'segments': [{'name': 'Housing', 'type': 'Segment'}, {'name': 'RealEstate', 'type': 'Segment'}, {'name': 'Financing', 'type': 'Segment'}, {'name': 'EnergyBusiness', 'type': 'Segment'}, {'name': 'Total', 'type': 'Total'}, {'name': 'NotInclude', 'type': 'NotInclude'}, {'name': 'Reconcile', 'type': 'Reconcile'}], 'periods': [{'name': 'Prior1YTDDuration', 'start_date': '2017-06-01', 'end_date': '2017-08-31'}, {'name': 'CurrentYTDDuration', 'start_date': '2018-06-01', 'end_date': '2018-08-31'}], 'values': [{'segment': 'Housing', 'period': 'Prior1YTDDuration', 'net_sales': '21229000000', 'operating_income': '-2424000000', 'revenues_from_external_customers': '21182000000', 'transactions_with_other_segments': '47000000'}, {'segment': 'Housing', 'period': 'CurrentYTDDuration', 'net_sales': '24394000000', 'operating_income': '-2223000000', 'revenues_from_external_customers': '24338000000', 'transactions_with_other_segments': '55000000'}, {'segment': 'RealEstate', 'period': 'Prior1YTDDuration', 'net_sales': '2858000000', 'operating_income': '87000000', 'revenues_from_external_customers': '2825000000', 'transactions_with_other_segments': '32000000'}, {'segment': 'RealEstate', 'period': 'CurrentYTDDuration', 'net_sales': '3983000000', 'operating_income': '300000000', 'revenues_from_external_customers': '3930000000', 'transactions_with_other_segments': '53000000'}, {'segment': 'Financing', 'period': 'Prior1YTDDuration', 'net_sales': '235000000', 'operating_income': '80000000', 'revenues_from_external_customers': '235000000', 'transactions_with_other_segments': None}, {'segment': 'Financing', 'period': 'CurrentYTDDuration', 'net_sales': '226000000', 'operating_income': '60000000', 'revenues_from_external_customers': '226000000', 'transactions_with_other_segments': None}, {'segment': 'EnergyBusiness', 'period': 'Prior1YTDDuration', 'net_sales': '281000000', 'operating_income': '147000000', 'revenues_from_external_customers': '281000000', 'transactions_with_other_segments': None}, {'segment': 'EnergyBusiness', 'period': 'CurrentYTDDuration', 'net_sales': '289000000', 'operating_income': '154000000', 'revenues_from_external_customers': '289000000', 'transactions_with_other_segments': None}, {'segment': 'Total', 'period': 'Prior1YTDDuration', 'net_sales': '24605000000', 'operating_income': '-2109000000', 'revenues_from_external_customers': '24524000000', 'transactions_with_other_segments': '80000000'}, {'segment': 'Total', 'period': 'CurrentYTDDuration', 'net_sales': '28893000000', 'operating_income': '-1708000000', 'revenues_from_external_customers': '28785000000', 'transactions_with_other_segments': '108000000'}, {'segment': 'NotInclude', 'period': 'CurrentYTDDuration', 'net_sales': '3164000000', 'operating_income': '-57000000', 'revenues_from_external_customers': '1249000000', 'transactions_with_other_segments': '1914000000'}, {'segment': 'NotInclude', 'period': 'Prior1YTDDuration', 'net_sales': '3072000000', 'operating_income': '-73000000', 'revenues_from_external_customers': '1188000000', 'transactions_with_other_segments': '1883000000'}, {'segment': 'Reconcile', 'period': 'CurrentYTDDuration', 'net_sales': '-2023000000', 'operating_income': '9000000', 'revenues_from_external_customers': None, 'transactions_with_other_segments': '-2023000000'}, {'segment': 'Reconcile', 'period': 'Prior1YTDDuration', 'net_sales': '-1964000000', 'operating_income': '4000000', 'revenues_from_external_customers': None, 'transactions_with_other_segments': '-1964000000'}]}",,,2018.0,1.0,2018-10-12 15:34:00+00:00
8,タマホーム株式会社,代表取締役社長    玉木  伸弥,東京都港区高輪3丁目22番9号,2018-11-30T00:00:00.000Z,2019-01-11T15:33:00.000Z,2019-01-11T15:33:00.000Z,2019-01-11T15:30:00.000Z,【E27305】タマホーム株式会社 四半期報告書－第21期第2四半期(平成30年9月1日－平成30年11月30日),【14190】タマホーム株式会社 2019年５月期第２四半期決算短信〔日本基準〕(連結),Japan GAAP,30055800.0,30055800.0,,96553000000.0,67640000000.0,34539000000.0,0.0,,,,,12865000000.0,,,,,,-3000000.0,28912000000.0,22651000000.0,10713000000.0,3573000000.0,7848000000.0,,144000000.0,,6117000000.0,,,-511000000.0,,79948000000.0,29933000000.0,63288000000.0,12919000000.0,12919000000.0,,,,8893000000.0,,,7587000000.0,,,,,813000000.0,16660000000.0,,,,,13453000000.0,,,16605000000.0,16307000000.0,4310000000.0,4355000000.0,7641000000.0,,255000000.0,42000000.0,82856000000.0,60768000000.0,22088000000.0,26.65829873515497,19076000000.0,3012000000.0,3.635222554793859,330000000.0,,3000000.0,0.0,,284000000.0,180000000.0,,3058000000.0,,,,222000000.0,,,181000000.0,2835000000.0,779000000.0,27.47795414462081,2056000000.0,8000000.0,2048000000.0,2.4717582311480157,8591000000.0,2835000000.0,917000000.0,9000000.0,,-2593000000.0,126000000.0,-742000000.0,-654000000.0,0.0,,,,,,,-2000000.0,,,,-4934000000.0,417000000.0,185000000.0,-4495000000.0,,-100000000.0,,,-898000000.0,-1000000.0,9245000000.0,187000000000.0,7500000000.0,7200000000.0,3700000000.0,,130.88987815995583,551.0750004990717,8426000000.0,3938000000.0,23.751735796655197,,1.9354551386285253,5.829439111272112,4.074446159104326,11.96662078458362,9.617565658395218,10.368591290914358,23.02307618036111,4.151575516117348,0.0,5.9760956175298805,16.733333333333334,44.30802139037433,40.16,55.351351351351354,125.69276817611276,149.003984063745,80.6640625,35.77206301202448,2.217900831576356,0.0,33.33303755865212,33.472950813853615,-54000000.0,-0.1399132552014919,8.250143481523995,31.001626049941482,1.9221293491871527,238.98602794411178,-4606000000.0,481.4694369165914,1.8072209140856126,106.8765010744533,-1.1708185053380782,16563000000.0,17.15430903234493,-6321000000.0,,,,"{'segments': [{'name': 'Housing', 'type': 'Segment'}, {'name': 'RealEstate', 'type': 'Segment'}, {'name': 'Financing', 'type': 'Segment'}, {'name': 'EnergyBusiness', 'type': 'Segment'}, {'name': 'Total', 'type': 'Total'}, {'name': 'NotInclude', 'type': 'NotInclude'}, {'name': 'Reconcile', 'type': 'Reconcile'}], 'periods': [{'name': 'Prior1YTDDuration', 'start_date': '2017-06-01', 'end_date': '2017-11-30'}, {'name': 'CurrentYTDDuration', 'start_date': '2018-06-01', 'end_date': '2018-11-30'}], 'values': [{'segment': 'Housing', 'period': 'Prior1YTDDuration', 'net_sales': '60847000000', 'operating_income': '-822000000', 'revenues_from_external_customers': '60733000000', 'transactions_with_other_segments': '113000000'}, {'segment': 'Housing', 'period': 'CurrentYTDDuration', 'net_sales': '64022000000', 'operating_income': '-1795000000', 'revenues_from_external_customers': '63898000000', 'transactions_with_other_segments': '123000000'}, {'segment': 'RealEstate', 'period': 'CurrentYTDDuration', 'net_sales': '15188000000', 'operating_income': '4372000000', 'revenues_from_external_customers': '15087000000', 'transactions_with_other_segments': '101000000'}, {'segment': 'RealEstate', 'period': 'Prior1YTDDuration', 'net_sales': '7760000000', 'operating_income': '449000000', 'revenues_from_external_customers': '7694000000', 'transactions_with_other_segments': '65000000'}, {'segment': 'Financing', 'period': 'CurrentYTDDuration', 'net_sales': '511000000', 'operating_income': '163000000', 'revenues_from_external_customers': '511000000', 'transactions_with_other_segments': None}, {'segment': 'Financing', 'period': 'Prior1YTDDuration', 'net_sales': '535000000', 'operating_income': '193000000', 'revenues_from_external_customers': '535000000', 'transactions_with_other_segments': None}, {'segment': 'EnergyBusiness', 'period': 'CurrentYTDDuration', 'net_sales': '489000000', 'operating_income': '227000000', 'revenues_from_external_customers': '489000000', 'transactions_with_other_segments': None}, {'segment': 'EnergyBusiness', 'period': 'Prior1YTDDuration', 'net_sales': '454000000', 'operating_income': '193000000', 'revenues_from_external_customers': '454000000', 'transactions_with_other_segments': None}, {'segment': 'Total', 'period': 'Prior1YTDDuration', 'net_sales': '69597000000', 'operating_income': '13000000', 'revenues_from_external_customers': '69418000000', 'transactions_with_other_segments': '179000000'}, {'segment': 'Total', 'period': 'CurrentYTDDuration', 'net_sales': '80212000000', 'operating_income': '2968000000', 'revenues_from_external_customers': '79987000000', 'transactions_with_other_segments': '224000000'}, {'segment': 'NotInclude', 'period': 'CurrentYTDDuration', 'net_sales': '7088000000', 'operating_income': '16000000', 'revenues_from_external_customers': '2869000000', 'transactions_with_other_segments': '4218000000'}, {'segment': 'NotInclude', 'period': 'Prior1YTDDuration', 'net_sales': '6595000000', 'operating_income': '-84000000', 'revenues_from_external_customers': '2708000000', 'transactions_with_other_segments': '3887000000'}, {'segment': 'Reconcile', 'period': 'Prior1YTDDuration', 'net_sales': '-4066000000', 'operating_income': '15000000', 'revenues_from_external_customers': None, 'transactions_with_other_segments': '-4066000000'}, {'segment': 'Reconcile', 'period': 'CurrentYTDDuration', 'net_sales': '-4443000000', 'operating_income': '27000000', 'revenues_from_external_customers': None, 'transactions_with_other_segments': '-4443000000'}]}",,,2018.0,2.0,2019-01-11 15:33:00+00:00
9,タマホーム株式会社,代表取締役社長    玉木  伸弥,東京都港区高輪3丁目22番9号,2019-02-28T00:00:00.000Z,2019-04-10T15:33:00.000Z,2019-04-10T15:33:00.000Z,2019-04-10T15:30:00.000Z,【E27305】タマホーム株式会社 四半期報告書－第21期第3四半期(平成30年12月1日－平成31年2月28日),【14190】タマホーム株式会社 2019年５月期第３四半期決算短信〔日本基準〕(連結),Japan GAAP,30055800.0,30055800.0,,99107000000.0,70495000000.0,29310000000.0,0.0,,,,,15342000000.0,,,,,,-3000000.0,28611000000.0,22326000000.0,10453000000.0,3517000000.0,7851000000.0,,125000000.0,,6159000000.0,,,-507000000.0,,83444000000.0,29422000000.0,67840000000.0,12350000000.0,12350000000.0,,,,10549000000.0,,,6495000000.0,,,,,218000000.0,15603000000.0,,,,,12378000000.0,,,15662000000.0,15246000000.0,4310000000.0,4355000000.0,6580000000.0,,368000000.0,47000000.0,120781000000.0,89740000000.0,31041000000.0,25.700234308376317,28354000000.0,2686000000.0,2.2238597130343347,253000000.0,,7000000.0,0.0,,517000000.0,257000000.0,0.0,2422000000.0,82000000.0,,,407000000.0,,,359000000.0,2097000000.0,644000000.0,30.710538865045304,1452000000.0,14000000.0,1438000000.0,1.190584611818084,,2097000000.0,,,,,,,,,,,,,,,,,,,,,,,,,,,,,0.0,187000000000.0,7500000000.0,7200000000.0,3700000000.0,,130.88987815995583,519.5336673786757,7500000000.0,2686000000.0,25.193723983349344,,1.8855782134460735,6.346910022414345,3.9694471631670822,12.354286475564535,10.201456292026897,0.0,23.475546650549344,0.0,0.0,9.56813104988831,10.45136186770428,64.58877005347594,35.81333333333333,38.86486486486486,54.82567622390939,179.22561429635144,157.30180806675938,29.574096683382606,1.882123783939981,0.0,39.750910394468775,31.99867966182306,2992000000.0,7.752230732645714,8.370240974648391,29.687105855287722,1.8893157956698095,234.90618762475052,112000000.0,532.7799770144298,1.884213896894012,103.91362028301887,0.028469750889679714,15615000000.0,15.755698386592268,1763000000.0,,,,"{'segments': [{'name': 'Housing', 'type': 'Segment'}, {'name': 'RealEstate', 'type': 'Segment'}, {'name': 'Financing', 'type': 'Segment'}, {'name': 'EnergyBusiness', 'type': 'Segment'}, {'name': 'Total', 'type': 'Total'}, {'name': 'NotInclude', 'type': 'NotInclude'}, {'name': 'Reconcile', 'type': 'Reconcile'}], 'periods': [{'name': 'CurrentYTDDuration', 'start_date': '2018-06-01', 'end_date': '2019-02-28'}, {'name': 'Prior1YTDDuration', 'start_date': '2017-06-01', 'end_date': '2018-02-28'}], 'values': [{'segment': 'Housing', 'period': 'CurrentYTDDuration', 'net_sales': '96447000000', 'operating_income': '-2468000000', 'revenues_from_external_customers': '96258000000', 'transactions_with_other_segments': '188000000'}, {'segment': 'Housing', 'period': 'Prior1YTDDuration', 'net_sales': '91574000000', 'operating_income': '-907000000', 'revenues_from_external_customers': '91403000000', 'transactions_with_other_segments': '171000000'}, {'segment': 'RealEstate', 'period': 'CurrentYTDDuration', 'net_sales': '18831000000', 'operating_income': '4615000000', 'revenues_from_external_customers': '18680000000', 'transactions_with_other_segments': '151000000'}, {'segment': 'RealEstate', 'period': 'Prior1YTDDuration', 'net_sales': '12493000000', 'operating_income': '762000000', 'revenues_from_external_customers': '12391000000', 'transactions_with_other_segments': '101000000'}, {'segment': 'Financing', 'period': 'Prior1YTDDuration', 'net_sales': '789000000', 'operating_income': '319000000', 'revenues_from_external_customers': '789000000', 'transactions_with_other_segments': None}, {'segment': 'Financing', 'period': 'CurrentYTDDuration', 'net_sales': '790000000', 'operating_income': '252000000', 'revenues_from_external_customers': '790000000', 'transactions_with_other_segments': None}, {'segment': 'EnergyBusiness', 'period': 'Prior1YTDDuration', 'net_sales': '618000000', 'operating_income': '211000000', 'revenues_from_external_customers': '618000000', 'transactions_with_other_segments': None}, {'segment': 'EnergyBusiness', 'period': 'CurrentYTDDuration', 'net_sales': '637000000', 'operating_income': '229000000', 'revenues_from_external_customers': '637000000', 'transactions_with_other_segments': None}, {'segment': 'Total', 'period': 'Prior1YTDDuration', 'net_sales': '105476000000', 'operating_income': '385000000', 'revenues_from_external_customers': '105203000000', 'transactions_with_other_segments': '273000000'}, {'segment': 'Total', 'period': 'CurrentYTDDuration', 'net_sales': '116707000000', 'operating_income': '2629000000', 'revenues_from_external_customers': '116366000000', 'transactions_with_other_segments': '340000000'}, {'segment': 'NotInclude', 'period': 'CurrentYTDDuration', 'net_sales': '10690000000', 'operating_income': '8000000', 'revenues_from_external_customers': '4414000000', 'transactions_with_other_segments': '6275000000'}, {'segment': 'NotInclude', 'period': 'Prior1YTDDuration', 'net_sales': '9687000000', 'operating_income': '-135000000', 'revenues_from_external_customers': '4109000000', 'transactions_with_other_segments': '5578000000'}, {'segment': 'Reconcile', 'period': 'Prior1YTDDuration', 'net_sales': '-5851000000', 'operating_income': '27000000', 'revenues_from_external_customers': None, 'transactions_with_other_segments': '-5851000000'}, {'segment': 'Reconcile', 'period': 'CurrentYTDDuration', 'net_sales': '-6615000000', 'operating_income': '49000000', 'revenues_from_external_customers': None, 'transactions_with_other_segments': '-6615000000'}]}",,,2018.0,3.0,2019-04-10 15:33:00+00:00
10,タマホーム株式会社,代表取締役社長    玉木  伸弥,東京都港区高輪３丁目22番９号,2019-05-31T00:00:00.000Z,2019-08-29T15:33:00.000Z,2019-08-29T15:33:00.000Z,2019-07-10T15:30:00.000Z,【E27305】タマホーム株式会社 有価証券報告書－第21期(平成30年6月1日－令和1年5月31日),【14190】タマホーム株式会社 2019年５月期決算短信〔日本基準〕(連結),Japan GAAP,30055800.0,30055800.0,,89497000000.0,62920000000.0,27013000000.0,0.0,,,,,16836000000.0,,,,,,-2000000.0,26577000000.0,19778000000.0,22159000000.0,4433000000.0,6846000000.0,249000000.0,117000000.0,,6680000000.0,1444000000.0,1546000000.0,-503000000.0,,71307000000.0,19838000000.0,60691000000.0,14528000000.0,14528000000.0,,,,8585000000.0,,,3907000000.0,,,,,2071000000.0,10615000000.0,,,,,7346000000.0,,,18190000000.0,17743000000.0,4310000000.0,4357000000.0,9076000000.0,,393000000.0,52000000.0,186874000000.0,140873000000.0,46000000000.0,24.61551633721117,38633000000.0,7366000000.0,3.941693333476032,260000000.0,,7000000.0,0.0,,672000000.0,336000000.0,0.0,6955000000.0,82000000.0,,,1281000000.0,,,987000000.0,5756000000.0,1802000000.0,31.306462821403752,3953000000.0,19000000.0,3934000000.0,2.1051617667519293,12525000000.0,5756000000.0,1775000000.0,9000000.0,,-2243000000.0,1735000000.0,-1531000000.0,-1393000000.0,54000000.0,,,,,,,-33000000.0,,,,-15605000000.0,109000000.0,5784000000.0,-19880000000.0,,-100000000.0,,,-1349000000.0,-1000000.0,13918000000.0,200000000000.0,7700000000.0,7500000000.0,4300000000.0,53.0,130.88987815995583,603.477531790869,9484000000.0,9150000000.0,21.68927114345573,,2.088047644055108,4.934226485830853,4.395678067421254,14.651358752896565,8.782431359576579,6.702377002686302,20.673287883814762,3.858695652173913,0.09739182550809637,4.56149877816997,21.922619047619047,93.437,95.66233766233766,91.48837209302326,7.02398407483118,4.534346999728478,9.303507880020344,30.183134630211068,1.7346233290880486,0.0,43.621843788376765,37.641847621616634,2308000000.0,5.979996166760131,9.44857922944686,22.16610612646234,1.2738850776459003,158.3872255489022,-7175000000.0,392.01209455744913,1.09372587936928,103.67270270715592,-1.8238434163701067,18138000000.0,20.266601115121176,-7392000000.0,3538.0,52819106.84002261,2081967.213114754,"{'segments': [{'name': 'Housing', 'type': 'Segment'}, {'name': 'RealEstate', 'type': 'Segment'}, {'name': 'Financing', 'type': 'Segment'}, {'name': 'EnergyBusiness', 'type': 'Segment'}, {'name': 'NotInclude', 'type': 'NotInclude'}, {'name': 'Total', 'type': 'Total'}, {'name': 'Reconcile', 'type': 'Reconcile'}], 'periods': [{'name': 'CurrentYearInstant', 'instant': '2019-05-31'}, {'name': 'CurrentYearDuration', 'start_date': '2018-06-01', 'end_date': '2019-05-31'}, {'name': 'Prior1YearDuration', 'start_date': '2017-06-01', 'end_date': '2018-05-31'}, {'name': 'Prior1YearInstant', 'instant': '2018-05-31'}], 'values': [{'segment': 'Housing', 'period': 'CurrentYearDuration', 'net_sales': '151929000000', 'operating_income': '801000000', 'revenues_from_external_customers': '151647000000', 'transactions_with_other_segments': '282000000'}, {'segment': 'Housing', 'period': 'Prior1YearDuration', 'net_sales': '142109000000', 'operating_income': '2444000000', 'revenues_from_external_customers': '141847000000', 'transactions_with_other_segments': '261000000'}, {'segment': 'RealEstate', 'period': 'Prior1YearDuration', 'net_sales': '18174000000', 'operating_income': '1383000000', 'revenues_from_external_customers': '18019000000', 'transactions_with_other_segments': '154000000'}, {'segment': 'RealEstate', 'period': 'CurrentYearDuration', 'net_sales': '26843000000', 'operating_income': '5553000000', 'revenues_from_external_customers': '26640000000', 'transactions_with_other_segments': '202000000'}, {'segment': 'Financing', 'period': 'Prior1YearDuration', 'net_sales': '1163000000', 'operating_income': '516000000', 'revenues_from_external_customers': '1163000000', 'transactions_with_other_segments': None}, {'segment': 'Financing', 'period': 'CurrentYearDuration', 'net_sales': '1165000000', 'operating_income': '432000000', 'revenues_from_external_customers': '1165000000', 'transactions_with_other_segments': None}, {'segment': 'EnergyBusiness', 'period': 'CurrentYearDuration', 'net_sales': '882000000', 'operating_income': '327000000', 'revenues_from_external_customers': '882000000', 'transactions_with_other_segments': None}, {'segment': 'EnergyBusiness', 'period': 'Prior1YearDuration', 'net_sales': '880000000', 'operating_income': '330000000', 'revenues_from_external_customers': '880000000', 'transactions_with_other_segments': None}, {'segment': 'Total', 'period': 'Prior1YearDuration', 'net_sales': '162327000000', 'operating_income': '4675000000', 'revenues_from_external_customers': '161911000000', 'transactions_with_other_segments': '416000000'}, {'segment': 'Total', 'period': 'CurrentYearDuration', 'net_sales': '180820000000', 'operating_income': '7115000000', 'revenues_from_external_customers': '180336000000', 'transactions_with_other_segments': '484000000'}, {'segment': 'NotInclude', 'period': 'CurrentYearDuration', 'net_sales': '15107000000', 'operating_income': '135000000', 'revenues_from_external_customers': '6538000000', 'transactions_with_other_segments': '8569000000'}, {'segment': 'NotInclude', 'period': 'Prior1YearDuration', 'net_sales': '13756000000', 'operating_income': '-53000000', 'revenues_from_external_customers': '6004000000', 'transactions_with_other_segments': '7752000000'}, {'segment': 'Reconcile', 'period': 'CurrentYearDuration', 'net_sales': '-9053000000', 'operating_income': '115000000', 'revenues_from_external_customers': None, 'transactions_with_other_segments': '-9053000000'}, {'segment': 'Reconcile', 'period': 'Prior1YearDuration', 'net_sales': '-8168000000', 'operating_income': '31000000', 'revenues_from_external_customers': None, 'transactions_with_other_segments': '-8168000000'}]}",1443000000.0,182000000.0,2018.0,4.0,2019-08-29 15:33:00+00:00
