,company_name,ceo_name,headquarters_address,end_date,updated_date,edinet_updated_date,tdnet_updated_date,edinet_title,tdnet_title,accounting_standard,num_of_shares,issued_share_num,treasury_stock_num,assets,current_assets,cash_and_deposits,trade_receivables,notes_accounts_receivable,notes_receivable,accounts_receivable,current_securities,inventories,merchandise,work_in_process,raw_materials_and_supplies,prepaid_expenses,current_dta,current_allowance_doubtful_accounts,non_current_assets,tangible_fixed_assets,buildings,machineries,land,construction_in_progress,intangible_assets,good_will,investments_and_other_assets,investment_securities,non_current_dta,non_current_allowance_doubtful_accounts,lease_and_guarantee_deposits,liabilities,debt,current_liabilities,trade_payables,notes_accounts_payable,accounts_payable,notes_payable,short_term_bonds_payable,short_term_loans_payable,commercial_papers_liabilities,current_lease_obligations,current_portion_of_long_term_loans,current_portion_of_bonds,current_portion_of_convertible_bonds,current_portion_of_bonds_with_subscription_rights,advances_received,corporate_tax_payable,non_current_liabilities,bonds_payable,convertible_bonds,convertible_bond_type_bonds_with_subscription_rights,non_current_bonds_with_subscription_right,long_term_loans_payable,non_current_lease_obligations,non_current_dtl,net_assets,shareholders_equity,capital_stock,additional_capital_stock,retained_earnings,treasury_stock,valuation_and_translation_adjustments,non_controlling_interests,net_sales,cost_of_sales,gross_profit,gross_margin,sga,operating_income,operating_margin,non_operating_income,interest_and_dividends_income,interest_income,dividends_income,equity_method_income,non_operating_expenses,interest_expense,equity_method_loss,ordinary_income,extraordinary_income,gain_of_sales_non_current_assets,gain_of_sales_investment_securities,extraordinary_loss,loss_of_sales_non_current_assets,loss_of_valuation_investment_securities,impairment_loss,income_before_income_taxes,income_taxes,real_corporate_tax_rate,net_income,non_controling_interests,profit_loss_attributable_to_owners_of_parent,net_profit_margin,operating_cash_flow,income_before_taxes,depreciation,amortization,decrease_trade_receivables_op_cf,decrease_inventories_op_cf,increase_trade_payables_op_cf,investment_cash_flow,purchase_of_property,sale_of_property,purchase_of_intangible_assets,sale_of_intangible_assets,purchase_of_non_current_assets,sale_of_non_current_assets,purchase_of_securities,sale_of_securities,purchase_of_investment_securities,sale_of_investment_securities,lending,return_of_lending,financial_cash_flow,net_short_term_debt,long_term_debt_issuance,long_term_debt_repayment,bonds_issuance,bonds_repayment,share_repurchase,share_sales,dividend_payment,cash_translation_difference,free_cash_flow,ex_net_sales,ex_operating_income,ex_ordinary_income,ex_net_income,dividend,eps_actual,bps,ebitda_forecast,ebitda_actual,roe,real_roe,total_asset_turnover,financial_leverage,roa,roic,doe,net_sales_operating_cash_flow_ratio,sga_ratio,depreciation_gross_profit_ratio,r_and_d_ratio,interest_op_income_ratio,interest_coverage_ratio,net_sales_progress,operating_income_progress,net_income_progress,net_sales_growth_rate_forecast,operating_income_growth_rate_forecast,net_income_growth_rate_forecast,cash_assets_ratio,cash_monthly_sales_ratio,accounts_receivable_turnover,inventory_turnover,trade_payable_turnover,working_capital,ccc,tangible_fixed_assets_turnover,debt_assets_ratio,debt_monthly_sales_ratio,operating_cash_flow_debt_ratio,net_debt,adjusted_debt_ratio,de_ratio,current_ratio,net_debt_net_income_ratio,equity,equity_ratio,accrual,employee_num,net_sales_per_employee,operating_income_per_employee,segment_member,increase_in_properties,r_and_d_expenses,fiscal_year,fiscal_quarter,to_datetime
0,サンヨーホームズ株式会社,代表取締役会長　　田中　康典,大阪市西区西本町一丁目４番１号,2017-09-30T00:00:00.000Z,2017-11-13T13:23:00.000Z,2017-11-13T13:23:00.000Z,2017-11-09T15:00:00.000Z,【E27273】サンヨーホームズ株式会社 四半期報告書－第22期第2四半期(平成29年7月1日－平成29年9月30日),【14200】サンヨーホームズ株式会社 平成30年３月期　第２四半期決算短信〔日本基準〕（連結）,Japan GAAP,12319120.0,12620000.0,300880.0,49887686000.0,46841214000.0,8476093000.0,0.0,,,,,10547146000.0,,7180000.0,56235000.0,537822000.0,187254000.0,-6253000.0,3046471000.0,654818000.0,376688000.0,,229233000.0,,30713000.0,,2360939000.0,910929000.0,450668000.0,-9861000.0,,34065806000.0,23570000000.0,23850955000.0,4053418000.0,4053418000.0,,,,7270000000.0,,,7770000000.0,,,,933488000.0,166529000.0,10214851000.0,,,,,8530000000.0,,,15821879000.0,15782154000.0,5945162000.0,3611796000.0,6395933000.0,-170738000.0,39724000.0,,21437108000.0,16504899000.0,4932208000.0,23.007804970707802,4570973000.0,361235000.0,1.6850920376013405,64947000.0,,3296000.0,,,98224000.0,64331000.0,18974000.0,327958000.0,,,,,,,,327958000.0,112290000.0,34.239140377731296,215667000.0,,215667000.0,1.0060452184128568,961272000.0,327958000.0,32374000.0,,58464000.0,1595665000.0,-1377135000.0,-43183000.0,,,,,,,,,,,,,-209374000.0,,1540000000.0,-2960000000.0,,,,,-189106000.0,,961272000.0,57800000000.0,2010000000.0,1820000000.0,1200000000.0,,100.90939937268246,1284.3351635506433,2042374000.0,393609000.0,7.856936587620218,7.773055529310806,1.0847791777714444,3.1530822603307738,2.4918273419216117,3.2075824562722683,1.1679194361175433,4.484149634362993,21.322712933106462,0.6563794552054577,0.0,17.808628731988872,5.6152554755871975,37.08842214532872,17.97189054726368,17.97225,169.62592155620993,456.4244882140435,456.4133594847612,16.990351085837094,1.8794996918073417,0.0,90.15861249198903,34.64923522724092,6493728000.0,55.50937726474811,82.64452565445666,47.24612803247679,5.226441915620681,307.23828368899717,15093907000.0,213.00957810719785,1.4897092816851905,196.39135623709828,12.142003756691858,15821879000.0,31.714998767431307,-745605000.0,,,,"{'segments': [{'name': 'Reconcile', 'type': 'Reconcile'}, {'name': 'NotInclude', 'type': 'NotInclude'}, {'name': 'HousingBusiness', 'type': 'Segment'}, {'name': 'Condominiums', 'type': 'Segment'}, {'name': 'Total', 'type': 'Total'}], 'periods': [{'name': 'Prior1YTDDuration', 'start_date': '2016-04-01', 'end_date': '2016-09-30'}, {'name': 'CurrentYTDDuration', 'start_date': '2017-04-01', 'end_date': '2017-09-30'}], 'values': [{'segment': 'Reconcile', 'period': 'Prior1YTDDuration', 'net_sales': '-29675000', 'operating_income': '-554269000', 'revenues_from_external_customers': None, 'transactions_with_other_segments': '-29675000'}, {'segment': 'NotInclude', 'period': 'Prior1YTDDuration', 'net_sales': '572466000', 'operating_income': '-24557000', 'revenues_from_external_customers': '547433000', 'transactions_with_other_segments': '25032000'}, {'segment': 'HousingBusiness', 'period': 'Prior1YTDDuration', 'net_sales': '10799929000', 'operating_income': '-297549000', 'revenues_from_external_customers': '10795287000', 'transactions_with_other_segments': '4642000'}, {'segment': 'Condominiums', 'period': 'Prior1YTDDuration', 'net_sales': '16349411000', 'operating_income': '1695296000', 'revenues_from_external_customers': '16349411000', 'transactions_with_other_segments': None}, {'segment': 'Total', 'period': 'Prior1YTDDuration', 'net_sales': '27149341000', 'operating_income': '1397746000', 'revenues_from_external_customers': '27144698000', 'transactions_with_other_segments': '4642000'}, {'segment': 'Reconcile', 'period': 'CurrentYTDDuration', 'net_sales': '-21449000', 'operating_income': '-448098000', 'revenues_from_external_customers': None, 'transactions_with_other_segments': '-21449000'}, {'segment': 'NotInclude', 'period': 'CurrentYTDDuration', 'net_sales': '1871064000', 'operating_income': '748144000', 'revenues_from_external_customers': '1869217000', 'transactions_with_other_segments': '1846000'}, {'segment': 'Total', 'period': 'CurrentYTDDuration', 'net_sales': '19587492000', 'operating_income': '61188000', 'revenues_from_external_customers': '19567890000', 'transactions_with_other_segments': '19602000'}, {'segment': 'Condominiums', 'period': 'CurrentYTDDuration', 'net_sales': '9994844000', 'operating_income': '397835000', 'revenues_from_external_customers': '9994844000', 'transactions_with_other_segments': None}, {'segment': 'HousingBusiness', 'period': 'CurrentYTDDuration', 'net_sales': '9592648000', 'operating_income': '-336647000', 'revenues_from_external_customers': '9573045000', 'transactions_with_other_segments': '19602000'}]}",,,2017.0,2.0,2017-11-13 13:23:00+00:00
1,サンヨーホームズ株式会社,代表取締役会長　　田中　康典,大阪市西区西本町一丁目４番１号,2017-12-31T00:00:00.000Z,2018-02-13T15:45:00.000Z,2018-02-13T15:45:00.000Z,2018-02-05T15:00:00.000Z,【E27273】サンヨーホームズ株式会社 四半期報告書－第22期第3四半期(平成29年10月1日－平成29年12月31日),【14200】サンヨーホームズ株式会社 平成30年３月期 第３四半期決算短信〔日本基準〕（連結）,Japan GAAP,12319120.0,12620000.0,300880.0,53017049000.0,49929457000.0,7777072000.0,0.0,,,,,8834821000.0,,,,570652000.0,279644000.0,-6060000.0,3087592000.0,703458000.0,404858000.0,,229233000.0,,28700000.0,,2355433000.0,910575000.0,444689000.0,-9521000.0,,37617386000.0,27495000000.0,26845027000.0,4060262000.0,4060262000.0,,,,10620000000.0,,,7795000000.0,,,,1465550000.0,4273000.0,10772359000.0,,,,,9080000000.0,,,15399663000.0,15355290000.0,5945162000.0,3611796000.0,5969069000.0,-170738000.0,44372000.0,,29747012000.0,23262041000.0,6484971000.0,21.800411416111306,6705154000.0,-220182000.0,,85697000.0,,4929000.0,,,138240000.0,93697000.0,28958000.0,-272726000.0,,,,,,,,-272726000.0,-61529000.0,22.560738616780213,-211196000.0,,-211196000.0,,,-272726000.0,,,,,,,,,,,,,,,,,,,,,,,,,,,,,0.0,57800000000.0,2010000000.0,1820000000.0,1200000000.0,,100.90939937268246,1250.0619362421992,2010000000.0,,8.072351972897069,7.9838341992605075,1.0207494385438163,3.4427408573811,2.3447457439587027,2.945650837727761,1.1999405441534663,0.0,22.54059668244999,0.0,0.0,-42.554341408471174,-2.3499364974332155,51.46541868512111,-10.954328358208954,-17.599666666666668,94.30522971517274,-1012.8811619478432,-668.192579404913,14.66900204121131,1.724497882121339,0.0,75.52139725524678,34.70773878297962,4774559000.0,40.813658472267164,76.93014081864162,51.86067598745453,6.096776430631762,358.4012138323707,19717928000.0,241.59548620488323,1.7854286811341262,185.99145756120862,15.86170869147263,15399663000.0,29.0466242283685,-211196000.0,,,,"{'segments': [{'name': 'NotInclude', 'type': 'NotInclude'}, {'name': 'Total', 'type': 'Total'}, {'name': 'Condominiums', 'type': 'Segment'}, {'name': 'HousingBusiness', 'type': 'Segment'}, {'name': 'Reconcile', 'type': 'Reconcile'}], 'periods': [{'name': 'CurrentYTDDuration', 'start_date': '2017-04-01', 'end_date': '2017-12-31'}, {'name': 'Prior1YTDDuration', 'start_date': '2016-04-01', 'end_date': '2016-12-31'}], 'values': [{'segment': 'NotInclude', 'period': 'CurrentYTDDuration', 'net_sales': '2350036000', 'operating_income': '696652000', 'revenues_from_external_customers': '2337700000', 'transactions_with_other_segments': '12335000'}, {'segment': 'Total', 'period': 'CurrentYTDDuration', 'net_sales': '27438307000', 'operating_income': '-274596000', 'revenues_from_external_customers': '27409311000', 'transactions_with_other_segments': '28995000'}, {'segment': 'Condominiums', 'period': 'CurrentYTDDuration', 'net_sales': '12090953000', 'operating_income': '80189000', 'revenues_from_external_customers': '12090953000', 'transactions_with_other_segments': None}, {'segment': 'HousingBusiness', 'period': 'CurrentYTDDuration', 'net_sales': '15347354000', 'operating_income': '-354785000', 'revenues_from_external_customers': '15318358000', 'transactions_with_other_segments': '28995000'}, {'segment': 'Reconcile', 'period': 'Prior1YTDDuration', 'net_sales': '-38272000', 'operating_income': '-811729000', 'revenues_from_external_customers': None, 'transactions_with_other_segments': '-38272000'}, {'segment': 'NotInclude', 'period': 'Prior1YTDDuration', 'net_sales': '881004000', 'operating_income': '-68363000', 'revenues_from_external_customers': '848463000', 'transactions_with_other_segments': '32541000'}, {'segment': 'HousingBusiness', 'period': 'Prior1YTDDuration', 'net_sales': '17567428000', 'operating_income': '-184149000', 'revenues_from_external_customers': '17561697000', 'transactions_with_other_segments': '5731000'}, {'segment': 'Condominiums', 'period': 'Prior1YTDDuration', 'net_sales': '20307369000', 'operating_income': '1678438000', 'revenues_from_external_customers': '20307369000', 'transactions_with_other_segments': None}, {'segment': 'Total', 'period': 'Prior1YTDDuration', 'net_sales': '37874797000', 'operating_income': '1494289000', 'revenues_from_external_customers': '37869066000', 'transactions_with_other_segments': '5731000'}, {'segment': 'Reconcile', 'period': 'CurrentYTDDuration', 'net_sales': '-41331000', 'operating_income': '-642239000', 'revenues_from_external_customers': None, 'transactions_with_other_segments': '-41331000'}]}",,,2017.0,3.0,2018-02-13 15:45:00+00:00
2,サンヨーホームズ株式会社,代表取締役会長　　田中　康典,大阪市西区西本町一丁目４番１号,2018-03-31T00:00:00.000Z,2018-06-28T15:16:00.000Z,2018-06-28T15:16:00.000Z,2018-05-09T15:00:00.000Z,【E27273】サンヨーホームズ株式会社 有価証券報告書－第22期(平成29年4月1日－平成30年3月31日),【14200】サンヨーホームズ株式会社 平成30年３月期 決算短信〔日本基準〕（連結）,Japan GAAP,12319120.0,12620000.0,300880.0,48043534000.0,44768092000.0,7836369000.0,0.0,,,,,144379000.0,144379000.0,5196000.0,56308000.0,400166000.0,188026000.0,-3829000.0,3275442000.0,758219000.0,470840000.0,,229233000.0,,26726000.0,,2490497000.0,898827000.0,577456000.0,-9331000.0,,31100075000.0,16400000000.0,23756230000.0,7375635000.0,7375635000.0,,,,4220000000.0,,,6420000000.0,,,,2201759000.0,549793000.0,7343845000.0,,,,,5760000000.0,,957000.0,16943459000.0,16809603000.0,5945162000.0,3611796000.0,7423382000.0,-170738000.0,120825000.0,,54117123000.0,42699285000.0,11417837000.0,21.098381375521384,9522929000.0,1894908000.0,3.5014943421881464,205607000.0,,6571000.0,,,188942000.0,124731000.0,41732000.0,1911573000.0,,,,37076000.0,,,37076000.0,1874497000.0,631381000.0,33.682689276109805,1243115000.0,,1243115000.0,2.2970825703354554,7671570000.0,1874497000.0,67243000.0,,-410980000.0,3195076000.0,1945081000.0,-236055000.0,-179440000.0,,,,,,,,,,,,-7366523000.0,-1650000000.0,3260000000.0,-8800000000.0,,,,,-189285000.0,,7851010000.0,62650000000.0,2110000000.0,2010000000.0,1350000000.0,15.0,100.90939937268246,1374.3212989239491,2177243000.0,1962151000.0,7.342489667568376,7.269182272765361,1.126418447901855,2.8377032856048716,2.5874761835796676,3.7909113021017524,1.0914478304123303,14.17586444866997,17.59688703333324,0.5889294093093114,0.18926726758922494,6.582430387121696,15.191957091661255,86.38008459696728,89.8060663507109,92.08259259259259,15.76742540434013,11.351052399377703,8.598158657887645,16.310975374958886,1.7376464746656988,0.0,1.2341737104028792,63.04805279526343,-7231256000.0,-61.81387908486055,71.37400012397474,34.13570700273631,3.6365569544412035,213.7763195799556,8563631000.0,181.72091276032407,0.9686700791811005,188.44779664113372,6.888848577967445,16930429000.0,35.2397660838189,-6391379000.0,697.0,77642931.13342898,2718662.8407460544,"{'segments': [{'name': 'Reconcile', 'type': 'Reconcile'}, {'name': 'NotInclude', 'type': 'NotInclude'}, {'name': 'Total', 'type': 'Total'}], 'periods': [{'name': 'CurrentYearInstant', 'instant': '2018-03-31'}, {'name': 'CurrentYearDuration', 'start_date': '2017-04-01', 'end_date': '2018-03-31'}, {'name': 'Prior1YearDuration', 'start_date': '2016-04-01', 'end_date': '2017-03-31'}, {'name': 'Prior1YearInstant', 'instant': '2017-03-31'}], 'values': [{'segment': 'Reconcile', 'period': 'CurrentYearDuration', 'net_sales': '-252178000', 'operating_income': '-922610000', 'revenues_from_external_customers': None, 'transactions_with_other_segments': '-252178000'}, {'segment': 'NotInclude', 'period': 'CurrentYearDuration', 'net_sales': '2837196000', 'operating_income': '642345000', 'revenues_from_external_customers': '2805031000', 'transactions_with_other_segments': '32165000'}, {'segment': 'Total', 'period': 'CurrentYearDuration', 'net_sales': '51532104000', 'operating_income': '2175172000', 'revenues_from_external_customers': '51312091000', 'transactions_with_other_segments': '220013000'}, {'segment': 'Reconcile', 'period': 'Prior1YearDuration', 'net_sales': '-53890000', 'operating_income': '-979264000', 'revenues_from_external_customers': None, 'transactions_with_other_segments': '-53890000'}, {'segment': 'NotInclude', 'period': 'Prior1YearDuration', 'net_sales': '1255543000', 'operating_income': '-190641000', 'revenues_from_external_customers': '1212344000', 'transactions_with_other_segments': '43199000'}, {'segment': 'Total', 'period': 'Prior1YearDuration', 'net_sales': '54302802000', 'operating_income': '2687663000', 'revenues_from_external_customers': '54292111000', 'transactions_with_other_segments': '10691000'}]}",183790000.0,102426000.0,2017.0,4.0,2018-06-28 15:16:00+00:00
3,サンヨーホームズ株式会社,代表取締役会長　　田中　康典,大阪市西区西本町一丁目４番１号,2018-06-30T00:00:00.000Z,2018-08-10T16:25:00.000Z,2018-08-10T16:25:00.000Z,2018-07-31T15:30:00.000Z,【E27273】サンヨーホームズ株式会社 四半期報告書－第23期第1四半期(平成30年4月1日－平成30年6月30日),【14200】サンヨーホームズ株式会社 平成31年3月期 第1四半期決算短信〔日本基準〕（連結）,Japan GAAP,12319120.0,12620000.0,300880.0,52237293000.0,48815518000.0,8430201000.0,0.0,,,,,8273192000.0,,,,449094000.0,,-1391000.0,3421774000.0,764144000.0,478080000.0,,229233000.0,,36107000.0,,2621522000.0,860883000.0,735484000.0,-9430000.0,,35877122000.0,25830000000.0,24506570000.0,3489808000.0,3489808000.0,,,,9210000000.0,,,6830000000.0,,,,2214589000.0,22262000.0,11370551000.0,,,,,9790000000.0,,,16360171000.0,16251891000.0,5945162000.0,3611796000.0,6865670000.0,-170738000.0,95249000.0,,8547959000.0,6889502000.0,1658457000.0,19.401789362817485,2152753000.0,-494295000.0,,24793000.0,,1723000.0,,,48523000.0,28659000.0,17284000.0,-518025000.0,,,,,,,,-518025000.0,-149613000.0,28.881424641667873,-368412000.0,,-368412000.0,,,-518025000.0,,,,,,,,,,,,,,,,,,,,,,,,,,,,,0.0,62650000000.0,2110000000.0,2010000000.0,1350000000.0,,77.45683133210814,1326.973111715772,2110000000.0,,5.837106317245321,5.776770734305536,1.0316130661671155,3.1955002406842885,1.8266643334676627,2.055694102167807,1.8839869308033739,0.0,25.184409518108357,0.0,0.0,-5.797954662701423,-17.247461530409296,13.643988826815642,-23.426303317535545,-27.28977777777778,632.9234967083955,-526.8705934715099,-466.4375753232793,16.138280748966068,1.8772481208203418,0.0,69.8219391058249,29.45237601968147,4783384000.0,40.36956308614343,70.5216215791788,49.447432124784875,5.751857987821338,-681.6958206213645,17399799000.0,217.0305456281926,1.580092812559701,199.1935958398095,18.23496017606372,16347141000.0,31.294004840564764,-368412000.0,,,,"{'segments': [{'name': 'Reconcile', 'type': 'Reconcile'}, {'name': 'NotInclude', 'type': 'NotInclude'}, {'name': 'Total', 'type': 'Total'}], 'periods': [{'name': 'Prior1YTDDuration', 'start_date': '2017-04-01', 'end_date': '2017-06-30'}, {'name': 'CurrentYTDDuration', 'start_date': '2018-04-01', 'end_date': '2018-06-30'}], 'values': [{'segment': 'Reconcile', 'period': 'Prior1YTDDuration', 'net_sales': '-5955000', 'operating_income': '-258695000', 'revenues_from_external_customers': None, 'transactions_with_other_segments': '-5955000'}, {'segment': 'NotInclude', 'period': 'Prior1YTDDuration', 'net_sales': '393138000', 'operating_income': '158000', 'revenues_from_external_customers': '391693000', 'transactions_with_other_segments': '1445000'}, {'segment': 'Total', 'period': 'Prior1YTDDuration', 'net_sales': '6192331000', 'operating_income': '-661185000', 'revenues_from_external_customers': '6187820000', 'transactions_with_other_segments': '4510000'}, {'segment': 'Reconcile', 'period': 'CurrentYTDDuration', 'net_sales': '-3948000', 'operating_income': '-224774000', 'revenues_from_external_customers': None, 'transactions_with_other_segments': '-3948000'}, {'segment': 'NotInclude', 'period': 'CurrentYTDDuration', 'net_sales': '576165000', 'operating_income': '-70888000', 'revenues_from_external_customers': '572757000', 'transactions_with_other_segments': '3408000'}, {'segment': 'Total', 'period': 'CurrentYTDDuration', 'net_sales': '7975742000', 'operating_income': '-198631000', 'revenues_from_external_customers': '7975202000', 'transactions_with_other_segments': '540000'}]}",,,2018.0,1.0,2018-08-10 16:25:00+00:00
4,サンヨーホームズ株式会社,代表取締役会長　　田中　康典,大阪市西区西本町一丁目４番１号,2018-09-30T00:00:00.000Z,2018-11-12T15:14:00.000Z,2018-11-12T15:14:00.000Z,2018-11-07T15:00:00.000Z,【E27273】サンヨーホームズ株式会社 四半期報告書－第23期第2四半期(平成30年7月1日－平成30年9月30日),【14200】サンヨーホームズ株式会社 平成31年３月期 第２四半期決算短信〔日本基準〕（連結）,Japan GAAP,12319117.0,12620000.0,300883.0,52526048000.0,49099188000.0,7703304000.0,0.0,,,,,6018730000.0,,8054000.0,59344000.0,422534000.0,,-1817000.0,3426860000.0,818068000.0,531547000.0,,229233000.0,,36899000.0,,2571891000.0,786659000.0,714286000.0,-8501000.0,,36141049000.0,25010000000.0,25013611000.0,3767101000.0,3767101000.0,,,,9520000000.0,,,5970000000.0,,,,2192091000.0,71370000.0,11127438000.0,,,,,9520000000.0,,,16384998000.0,16275876000.0,5945162000.0,3611796000.0,6889658000.0,-170741000.0,96091000.0,,20426313000.0,16517388000.0,3908924000.0,19.13670861696871,4291871000.0,-382946000.0,,56883000.0,,3390000.0,,,118119000.0,64262000.0,37820000.0,-444182000.0,,,,,,,,-444182000.0,-99759000.0,22.45903706138475,-344423000.0,,-344423000.0,,-8470763000.0,-444182000.0,36380000.0,,-1142825000.0,-3023960000.0,-3608534000.0,-583153000.0,,,,,,,,,,,,,8420852000.0,,5240000000.0,-1930000000.0,,,,,-189145000.0,,-8470763000.0,60000000000.0,2110000000.0,2010000000.0,1350000000.0,,77.45685019470146,1328.9887578793189,2146380000.0,,5.828254733945241,5.768100013123607,1.0259419098120612,3.2082916360452205,1.8166224879511208,2.0951951825974056,1.8811295318925618,-41.46985802087729,21.011481611977647,0.9306909011277784,0.0,-16.780956061690162,-5.959136036849149,34.043855,-18.14909952606635,-25.512814814814814,193.7387672459538,-650.9915236090728,-491.95988653487143,14.665683586170427,1.7153817516459953,0.0,50.7953157081815,31.792601528828545,2251629000.0,19.002714179352953,65.87309856882312,47.61447120483917,5.569259321541295,-660.0546834587815,17306696000.0,218.29921938247517,1.5276110972120152,196.2898839355901,18.13738838817858,16371968000.0,31.169236261597295,8126340000.0,,,,"{'segments': [{'name': 'NotInclude', 'type': 'NotInclude'}, {'name': 'Total', 'type': 'Total'}, {'name': 'Condominiums', 'type': 'Segment'}, {'name': 'HousingBusiness', 'type': 'Segment'}, {'name': 'Reconcile', 'type': 'Reconcile'}], 'periods': [{'name': 'CurrentYTDDuration', 'start_date': '2018-04-01', 'end_date': '2018-09-30'}, {'name': 'Prior1YTDDuration', 'start_date': '2017-04-01', 'end_date': '2017-09-30'}], 'values': [{'segment': 'NotInclude', 'period': 'CurrentYTDDuration', 'net_sales': '1207950000', 'operating_income': '-103661000', 'revenues_from_external_customers': '1198099000', 'transactions_with_other_segments': '9851000'}, {'segment': 'Total', 'period': 'CurrentYTDDuration', 'net_sales': '19246696000', 'operating_income': '163424000', 'revenues_from_external_customers': '19228213000', 'transactions_with_other_segments': '18482000'}, {'segment': 'Condominiums', 'period': 'CurrentYTDDuration', 'net_sales': '7996172000', 'operating_income': '358808000', 'revenues_from_external_customers': '7995092000', 'transactions_with_other_segments': '1080000'}, {'segment': 'HousingBusiness', 'period': 'CurrentYTDDuration', 'net_sales': '11250524000', 'operating_income': '-195384000', 'revenues_from_external_customers': '11233121000', 'transactions_with_other_segments': '17402000'}, {'segment': 'Reconcile', 'period': 'Prior1YTDDuration', 'net_sales': '-21449000', 'operating_income': '-448098000', 'revenues_from_external_customers': None, 'transactions_with_other_segments': '-21449000'}, {'segment': 'NotInclude', 'period': 'Prior1YTDDuration', 'net_sales': '1871064000', 'operating_income': '748144000', 'revenues_from_external_customers': '1869217000', 'transactions_with_other_segments': '1846000'}, {'segment': 'HousingBusiness', 'period': 'Prior1YTDDuration', 'net_sales': '9592648000', 'operating_income': '-336647000', 'revenues_from_external_customers': '9573045000', 'transactions_with_other_segments': '19602000'}, {'segment': 'Condominiums', 'period': 'Prior1YTDDuration', 'net_sales': '9994844000', 'operating_income': '397835000', 'revenues_from_external_customers': '9994844000', 'transactions_with_other_segments': None}, {'segment': 'Total', 'period': 'Prior1YTDDuration', 'net_sales': '19587492000', 'operating_income': '61188000', 'revenues_from_external_customers': '19567890000', 'transactions_with_other_segments': '19602000'}, {'segment': 'Reconcile', 'period': 'CurrentYTDDuration', 'net_sales': '-28334000', 'operating_income': '-442708000', 'revenues_from_external_customers': None, 'transactions_with_other_segments': '-28334000'}]}",,,2018.0,2.0,2018-11-12 15:14:00+00:00
5,サンヨーホームズ株式会社,代表取締役会長　　田中　康典,大阪市西区西本町一丁目４番１号,2018-12-31T00:00:00.000Z,2019-02-13T15:03:00.000Z,2019-02-13T15:03:00.000Z,2019-02-04T15:00:00.000Z,【E27273】サンヨーホームズ株式会社 四半期報告書－第23期第3四半期(平成30年10月1日－平成30年12月31日),【14200】サンヨーホームズ株式会社 平成31年３月期 第３四半期決算短信〔日本基準〕（連結）,Japan GAAP,12319117.0,12620000.0,300883.0,53939728000.0,50430658000.0,7939780000.0,0.0,,,,,5379026000.0,,,,404188000.0,,-2015000.0,3509069000.0,830602000.0,532969000.0,,229233000.0,,35167000.0,,2643300000.0,778219000.0,764981000.0,-8161000.0,,37701234000.0,26010000000.0,27622052000.0,4217370000.0,4217370000.0,,,,11550000000.0,,,6030000000.0,,,,2481850000.0,28319000.0,10079181000.0,,,,,8430000000.0,,,16238493000.0,16126263000.0,5945162000.0,3611796000.0,6740045000.0,-170741000.0,99199000.0,,31519392000.0,25525003000.0,5994389000.0,19.018098445553772,6566624000.0,-572234000.0,,109917000.0,,5029000.0,,,171785000.0,100009000.0,54547000.0,-634102000.0,,,,,,,,-634102000.0,-140065000.0,22.088717588022117,-494036000.0,,-494036000.0,,,-634102000.0,,,,,,,,,,,,,,,,,,,,,,,,,,,,,0.0,60000000000.0,2110000000.0,2010000000.0,1350000000.0,,77.45685019470146,1317.096265909318,2110000000.0,,5.880879947770982,5.8196397166075755,0.9990534991203515,3.324387599910092,1.7690115159646338,2.052855440462438,1.898114864272286,0.0,20.83359983593592,0.0,0.0,-17.476941251306283,-5.721825035746782,52.53232,-27.120094786729858,-36.59525925925926,90.35900184876662,-468.7302746778416,-373.25943858342305,14.719725690867408,1.7680405348255555,0.0,45.396507879987425,35.59266499879765,1161656000.0,9.803842881189773,64.87905639524104,48.22048787491105,5.7919406218828104,-686.4463141448584,18070220000.0,229.75620921732238,1.6030359195296924,182.57390146105004,18.937560259903584,16225463000.0,30.080728252838057,-494036000.0,,,,"{'segments': [{'name': 'NotInclude', 'type': 'NotInclude'}, {'name': 'Total', 'type': 'Total'}, {'name': 'Condominiums', 'type': 'Segment'}, {'name': 'HousingBusiness', 'type': 'Segment'}, {'name': 'Reconcile', 'type': 'Reconcile'}], 'periods': [{'name': 'CurrentYTDDuration', 'start_date': '2018-04-01', 'end_date': '2018-12-31'}, {'name': 'Prior1YTDDuration', 'start_date': '2017-04-01', 'end_date': '2017-12-31'}], 'values': [{'segment': 'NotInclude', 'period': 'CurrentYTDDuration', 'net_sales': '1876093000', 'operating_income': '-134705000', 'revenues_from_external_customers': '1853028000', 'transactions_with_other_segments': '23064000'}, {'segment': 'Total', 'period': 'CurrentYTDDuration', 'net_sales': '29694407000', 'operating_income': '255033000', 'revenues_from_external_customers': '29666364000', 'transactions_with_other_segments': '28042000'}, {'segment': 'Condominiums', 'period': 'CurrentYTDDuration', 'net_sales': '12678127000', 'operating_income': '528343000', 'revenues_from_external_customers': '12676507000', 'transactions_with_other_segments': '1620000'}, {'segment': 'HousingBusiness', 'period': 'CurrentYTDDuration', 'net_sales': '17016280000', 'operating_income': '-273309000', 'revenues_from_external_customers': '16989857000', 'transactions_with_other_segments': '26422000'}, {'segment': 'Reconcile', 'period': 'Prior1YTDDuration', 'net_sales': '-41331000', 'operating_income': '-642239000', 'revenues_from_external_customers': None, 'transactions_with_other_segments': '-41331000'}, {'segment': 'NotInclude', 'period': 'Prior1YTDDuration', 'net_sales': '2350036000', 'operating_income': '696652000', 'revenues_from_external_customers': '2337700000', 'transactions_with_other_segments': '12335000'}, {'segment': 'HousingBusiness', 'period': 'Prior1YTDDuration', 'net_sales': '15347354000', 'operating_income': '-354785000', 'revenues_from_external_customers': '15318358000', 'transactions_with_other_segments': '28995000'}, {'segment': 'Condominiums', 'period': 'Prior1YTDDuration', 'net_sales': '12090953000', 'operating_income': '80189000', 'revenues_from_external_customers': '12090953000', 'transactions_with_other_segments': None}, {'segment': 'Total', 'period': 'Prior1YTDDuration', 'net_sales': '27438307000', 'operating_income': '-274596000', 'revenues_from_external_customers': '27409311000', 'transactions_with_other_segments': '28995000'}, {'segment': 'Reconcile', 'period': 'CurrentYTDDuration', 'net_sales': '-51107000', 'operating_income': '-692562000', 'revenues_from_external_customers': None, 'transactions_with_other_segments': '-51107000'}]}",,,2018.0,3.0,2019-02-13 15:03:00+00:00
6,サンヨーホームズ株式会社,代表取締役会長　　田中　康典,大阪市西区西本町一丁目４番１号,2019-03-31T00:00:00.000Z,2019-08-09T14:36:00.000Z,2019-08-09T14:36:00.000Z,2019-05-10T15:00:00.000Z,【E27273】サンヨーホームズ株式会社 訂正有価証券報告書－第23期(平成30年4月1日－平成31年3月31日),【14200】サンヨーホームズ株式会社 平成31年３月期 決算短信〔日本基準〕（連結）,Japan GAAP,12319117.0,12620000.0,300883.0,54527893000.0,50173236000.0,8895464000.0,0.0,,,,276978000.0,142493000.0,142493000.0,5761000.0,59647000.0,428717000.0,,-2119000.0,4354657000.0,2032850000.0,1226221000.0,,747755000.0,,36389000.0,,2285417000.0,475458000.0,723795000.0,-7821000.0,,36957510000.0,21820000000.0,29466920000.0,7200868000.0,7200868000.0,,,,7980000000.0,,,8230000000.0,,,,2198030000.0,631664000.0,7490590000.0,,,,,5610000000.0,,58793000.0,17570383000.0,17574500000.0,5945162000.0,3611796000.0,8188282000.0,-170741000.0,-17147000.0,,53888674000.0,43248800000.0,10639873000.0,19.74417295923815,9205647000.0,1434225000.0,2.661459066519247,346861000.0,,6660000.0,,,236492000.0,135261000.0,74669000.0,1544595000.0,,,,23202000.0,,,14122000.0,1521392000.0,567192000.0,37.281121499258575,954200000.0,,954200000.0,1.7706874732156148,-3789080000.0,1521392000.0,77514000.0,,-265884000.0,-4465798000.0,-174767000.0,-782551000.0,-361126000.0,,,,,,,,,,,,5230727000.0,3760000000.0,8520000000.0,-6860000000.0,,,-2000.0,,-189269000.0,,-3427954000.0,69850000000.0,1900000000.0,1910000000.0,1220000000.0,25.0,77.45685019470146,1425.2119693318928,1977514000.0,1511739000.0,5.434760011944853,5.382417308933492,0.9882772107112227,3.1057012409558546,1.7499300770708306,2.201856991250783,1.7541250380965743,-7.03131051248357,17.0827120370414,0.7285237333189973,0.22760812411157122,9.430947027140094,10.603389003482157,77.14913958482462,75.48552631578947,78.21311475409836,29.6190735737903,32.47572730917394,27.855795430727316,16.313603021484802,1.9808534906611361,0.0,1.2025754471800374,60.77201725828231,-7058375000.0,-59.56944181110227,26.508927859901124,40.016217021259195,4.858905973451861,-575.8653815701964,12924536000.0,208.31549342645934,1.2427841486128348,170.26969903878654,13.54489205617271,17557353000.0,32.198847294539696,4766482000.0,760.0,70906150.0,1887138.1578947369,"{'segments': [{'name': 'NotInclude', 'type': 'NotInclude'}, {'name': 'Reconcile', 'type': 'Reconcile'}, {'name': 'Total', 'type': 'Total'}], 'periods': [{'name': 'CurrentYearInstant', 'instant': '2019-03-31'}, {'name': 'Prior1YearInstant', 'instant': '2018-03-31'}, {'name': 'CurrentYearDuration', 'start_date': '2018-04-01', 'end_date': '2019-03-31'}, {'name': 'Prior1YearDuration', 'start_date': '2017-04-01', 'end_date': '2018-03-31'}], 'values': [{'segment': 'Reconcile', 'period': 'CurrentYearDuration', 'net_sales': '-278613000', 'operating_income': '-952740000', 'revenues_from_external_customers': None, 'transactions_with_other_segments': '-278613000'}, {'segment': 'NotInclude', 'period': 'CurrentYearDuration', 'net_sales': '2605073000', 'operating_income': '-195087000', 'revenues_from_external_customers': '2576886000', 'transactions_with_other_segments': '28187000'}, {'segment': 'Total', 'period': 'CurrentYearDuration', 'net_sales': '51562214000', 'operating_income': '2582053000', 'revenues_from_external_customers': '51311787000', 'transactions_with_other_segments': '250426000'}, {'segment': 'Reconcile', 'period': 'Prior1YearDuration', 'net_sales': '-252178000', 'operating_income': '-922610000', 'revenues_from_external_customers': None, 'transactions_with_other_segments': '-252178000'}, {'segment': 'NotInclude', 'period': 'Prior1YearDuration', 'net_sales': '2837196000', 'operating_income': '642345000', 'revenues_from_external_customers': '2805031000', 'transactions_with_other_segments': '32165000'}, {'segment': 'Total', 'period': 'Prior1YearDuration', 'net_sales': '51532104000', 'operating_income': '2175172000', 'revenues_from_external_customers': '51312091000', 'transactions_with_other_segments': '220013000'}]}",1354491000.0,122655000.0,2018.0,4.0,2019-08-09 14:36:00+00:00
7,サンヨーホームズ株式会社,代表取締役社長　松本　文雄,大阪市西区西本町一丁目４番１号,2019-06-30T00:00:00.000Z,2019-08-09T14:44:00.000Z,2019-08-09T14:44:00.000Z,2019-07-31T15:00:00.000Z,【E27273】サンヨーホームズ株式会社 四半期報告書－第24期第1四半期(平成31年4月1日－令和1年6月30日),【14200】サンヨーホームズ株式会社 令和２年３月期 第１四半期決算短信〔日本基準〕（連結）,Japan GAAP,12319117.0,12620000.0,300883.0,58538288000.0,53935175000.0,7557033000.0,0.0,,,,327358000.0,6996891000.0,,,,498230000.0,,-981000.0,4603113000.0,2077470000.0,1244646000.0,,747755000.0,,33985000.0,,2491656000.0,415463000.0,,-7901000.0,,41924560000.0,30250000000.0,31171156000.0,4346441000.0,4346441000.0,,,,12070000000.0,,,9310000000.0,,,,2628986000.0,21753000.0,10753403000.0,,,,,8870000000.0,,,16613728000.0,16614580000.0,5945162000.0,3611796000.0,7228362000.0,-170741000.0,-13882000.0,,7738292000.0,6447235000.0,1291056000.0,16.683991764590946,2181467000.0,-890411000.0,,41824000.0,,1606000.0,,,46498000.0,33783000.0,11849000.0,-895085000.0,,,,11874000.0,,,,-906960000.0,-262539000.0,28.947142101084943,-644420000.0,,-644420000.0,,,-906960000.0,,,,,,,,,,,,,,,,,,,,,,,,,,,,,0.0,69850000000.0,1900000000.0,1910000000.0,1220000000.0,,29.152901137313656,1347.5558353735905,1900000000.0,,2.1633909610306747,2.1413666412285792,0.9626373596713317,3.5262546189322883,0.6135095717182573,0.441790643119127,1.8552106965622772,0.0,28.19054902554724,0.0,0.0,-3.7940905941188956,-26.35677707722819,11.078442376521117,-46.86373684210526,-52.821311475409836,802.6539706694965,-313.38460553609514,-289.3175258371869,12.909555879051332,1.6092734090593337,0.0,54.73726675715867,34.00257349460661,2650450000.0,20.734693262552064,27.124888927397265,51.67558026295542,6.441750436189023,-536.9069862337049,22692967000.0,249.78186679602436,1.8222125358825274,173.02911383844733,63.18731796690965,16600698000.0,28.35870088992011,-632546000.0,,,,"{'segments': [{'name': 'Reconcile', 'type': 'Reconcile'}, {'name': 'NotInclude', 'type': 'NotInclude'}, {'name': 'Total', 'type': 'Total'}], 'periods': [{'name': 'Prior1YTDDuration', 'start_date': '2018-04-01', 'end_date': '2018-06-30'}, {'name': 'CurrentYTDDuration', 'start_date': '2019-04-01', 'end_date': '2019-06-30'}], 'values': [{'segment': 'Reconcile', 'period': 'Prior1YTDDuration', 'net_sales': '-3948000', 'operating_income': '-224774000', 'revenues_from_external_customers': None, 'transactions_with_other_segments': '-3948000'}, {'segment': 'NotInclude', 'period': 'Prior1YTDDuration', 'net_sales': '576165000', 'operating_income': '-70888000', 'revenues_from_external_customers': '572757000', 'transactions_with_other_segments': '3408000'}, {'segment': 'Total', 'period': 'Prior1YTDDuration', 'net_sales': '7975742000', 'operating_income': '-198631000', 'revenues_from_external_customers': '7975202000', 'transactions_with_other_segments': '540000'}, {'segment': 'Reconcile', 'period': 'CurrentYTDDuration', 'net_sales': '-53646000', 'operating_income': '-257189000', 'revenues_from_external_customers': None, 'transactions_with_other_segments': '-53646000'}, {'segment': 'NotInclude', 'period': 'CurrentYTDDuration', 'net_sales': '739930000', 'operating_income': '-51920000', 'revenues_from_external_customers': '732453000', 'transactions_with_other_segments': '7477000'}, {'segment': 'Total', 'period': 'CurrentYTDDuration', 'net_sales': '7052008000', 'operating_income': '-581301000', 'revenues_from_external_customers': '7005839000', 'transactions_with_other_segments': '46168000'}]}",,,2019.0,1.0,2019-08-09 14:44:00+00:00
8,サンヨーホームズ株式会社,代表取締役社長　松本　文雄,大阪市西区西本町一丁目４番１号,2019-09-30T00:00:00.000Z,2019-11-14T15:39:00.000Z,2019-11-14T15:39:00.000Z,2019-11-08T15:00:00.000Z,【E27273】サンヨーホームズ株式会社 四半期報告書－第24期第2四半期(令和1年7月1日－令和1年9月30日),【14200】サンヨーホームズ株式会社 令和２年３月期 第２四半期決算短信〔日本基準〕（連結）,Japan GAAP,12330847.0,12620000.0,289153.0,58406402000.0,54083272000.0,8921534000.0,0.0,,,,328303000.0,7979659000.0,,6619000.0,60559000.0,536313000.0,,-1462000.0,4323130000.0,2064448000.0,1268941000.0,,747755000.0,,31803000.0,,2226878000.0,396220000.0,,-7141000.0,,41117407000.0,28070000000.0,31078343000.0,6180268000.0,6180268000.0,,,,9130000000.0,,,10790000000.0,,,,1106071000.0,129987000.0,10039063000.0,,,,,8150000000.0,,,17288995000.0,17300642000.0,5945162000.0,3611796000.0,7907768000.0,-164084000.0,-24677000.0,,23782766000.0,19047107000.0,4735659000.0,19.91214562679547,4591979000.0,143679000.0,0.6041307390401941,69826000.0,,3278000.0,,,103579000.0,77142000.0,18633000.0,109925000.0,608000.0,,,11874000.0,,,,98659000.0,63674000.0,64.53947435104755,34985000.0,,34985000.0,0.1471023177035001,-5823621000.0,98659000.0,53445000.0,,-177576000.0,-3243769000.0,-1020599000.0,115004000.0,,,,,,,,,,,,,5934686000.0,,6640000000.0,-1540000000.0,,,,,-315313000.0,,-5823621000.0,62000000000.0,450000000.0,420000000.0,220000000.0,,29.125168773888767,1401.036360275981,503445000.0,197124000.0,2.078830328725487,2.0592717371378946,0.9648110664306971,3.3807895535792065,0.6148949219642051,0.4564507558721046,1.7843933754207075,-24.486727069509072,19.308010683029888,1.1285652113042768,0.0,53.69051844737227,1.86252625029167,38.3593,31.92866666666667,15.902272727272727,160.692974063656,213.19817092268184,528.8409318279262,15.274924827589961,1.8998444805281058,0.0,62.42554347554679,48.348756347173556,1799391000.0,14.076787128373233,27.295985658151718,48.05980001986769,5.9775185039281284,-498.2141852423172,19148466000.0,235.58827069997218,1.6248006985427441,174.02237950717,53.31784996296688,17275965000.0,29.578889314222778,5869872000.0,,,,"{'segments': [{'name': 'Total', 'type': 'Total'}, {'name': 'Condominiums', 'type': 'Segment'}, {'name': 'HousingBusiness', 'type': 'Segment'}, {'name': 'Reconcile', 'type': 'Reconcile'}, {'name': 'NotInclude', 'type': 'NotInclude'}], 'periods': [{'name': 'CurrentYTDDuration', 'start_date': '2019-04-01', 'end_date': '2019-09-30'}, {'name': 'Prior1YTDDuration', 'start_date': '2018-04-01', 'end_date': '2018-09-30'}], 'values': [{'segment': 'Total', 'period': 'CurrentYTDDuration', 'net_sales': '22307892000', 'operating_income': '707712000', 'revenues_from_external_customers': '22247230000', 'transactions_with_other_segments': '60661000'}, {'segment': 'Condominiums', 'period': 'CurrentYTDDuration', 'net_sales': '10736959000', 'operating_income': '805884000', 'revenues_from_external_customers': '10735879000', 'transactions_with_other_segments': '1080000'}, {'segment': 'HousingBusiness', 'period': 'CurrentYTDDuration', 'net_sales': '11570932000', 'operating_income': '-98171000', 'revenues_from_external_customers': '11511350000', 'transactions_with_other_segments': '59581000'}, {'segment': 'Reconcile', 'period': 'Prior1YTDDuration', 'net_sales': '-28334000', 'operating_income': '-442708000', 'revenues_from_external_customers': None, 'transactions_with_other_segments': '-28334000'}, {'segment': 'NotInclude', 'period': 'Prior1YTDDuration', 'net_sales': '1207950000', 'operating_income': '-103661000', 'revenues_from_external_customers': '1198099000', 'transactions_with_other_segments': '9851000'}, {'segment': 'HousingBusiness', 'period': 'Prior1YTDDuration', 'net_sales': '11250524000', 'operating_income': '-195384000', 'revenues_from_external_customers': '11233121000', 'transactions_with_other_segments': '17402000'}, {'segment': 'Condominiums', 'period': 'Prior1YTDDuration', 'net_sales': '7996172000', 'operating_income': '358808000', 'revenues_from_external_customers': '7995092000', 'transactions_with_other_segments': '1080000'}, {'segment': 'Total', 'period': 'Prior1YTDDuration', 'net_sales': '19246696000', 'operating_income': '163424000', 'revenues_from_external_customers': '19228213000', 'transactions_with_other_segments': '18482000'}, {'segment': 'Reconcile', 'period': 'CurrentYTDDuration', 'net_sales': '-97638000', 'operating_income': '-461606000', 'revenues_from_external_customers': None, 'transactions_with_other_segments': '-97638000'}, {'segment': 'NotInclude', 'period': 'CurrentYTDDuration', 'net_sales': '1572513000', 'operating_income': '-102426000', 'revenues_from_external_customers': '1535536000', 'transactions_with_other_segments': '36976000'}]}",,,2019.0,2.0,2019-11-14 15:39:00+00:00
9,サンヨーホームズ株式会社,代表取締役社長　松本　文雄,大阪市西区西本町一丁目４番１号,2019-12-31T00:00:00.000Z,2020-02-13T16:30:00.000Z,2020-02-13T16:30:00.000Z,2020-02-06T15:00:00.000Z,【E27273】サンヨーホームズ株式会社 四半期報告書－第24期第3四半期(令和1年10月1日－令和1年12月31日),【14200】サンヨーホームズ株式会社 令和２年３月期 第３四半期決算短信〔日本基準〕（連結）,Japan GAAP,12330847.0,12620000.0,289153.0,64163900000.0,59562021000.0,7265501000.0,0.0,,,,329248000.0,7209641000.0,,,,600474000.0,,-1455000.0,4601878000.0,2046199000.0,1250003000.0,,747755000.0,,94520000.0,,2461158000.0,393192000.0,,-7608000.0,,47483819000.0,36660000000.0,35454919000.0,4100011000.0,4100011000.0,,,,15960000000.0,,,10560000000.0,,,,1536101000.0,25207000.0,12028899000.0,,,,,10140000000.0,,,16680081000.0,16682976000.0,5945162000.0,3611796000.0,7290101000.0,-164084000.0,-15925000.0,,32242329000.0,26101813000.0,6140516000.0,19.044889716248477,6831898000.0,-691382000.0,,90756000.0,,4832000.0,,,158006000.0,119829000.0,27992000.0,-758633000.0,608000.0,,,11874000.0,,,,-769899000.0,-187218000.0,24.31721563477807,-582681000.0,,-582681000.0,,,-769899000.0,,,,,,,,,,,,,,,,,,,,,,,,,,,,,0.0,62000000000.0,450000000.0,420000000.0,220000000.0,,29.125168773888767,1351.6549998552412,450000000.0,,2.1547783108121528,2.1337717272186336,0.8782374980323827,3.8497452248751145,0.5597197177852344,0.3881369701092228,1.8495843985837688,0.0,21.189219922667498,0.0,0.0,-17.331807886233662,-5.7697385440919975,52.0037564516129,-153.64044444444446,-264.855,92.29380110847451,-165.08702858911573,-137.75650827811444,11.32334692872472,1.5471915449878275,0.0,56.40162790021285,32.074730878941075,3109630000.0,24.326897021271776,27.53942456232263,57.13493101260989,7.806762677378169,-650.6780203414089,29394499000.0,281.90069973786177,2.1995492783936403,167.99367388203595,81.84736507971866,16667051000.0,25.975744928222877,-571415000.0,,,,"{'segments': [{'name': 'NotInclude', 'type': 'NotInclude'}, {'name': 'Total', 'type': 'Total'}, {'name': 'Condominiums', 'type': 'Segment'}, {'name': 'HousingBusiness', 'type': 'Segment'}, {'name': 'Reconcile', 'type': 'Reconcile'}], 'periods': [{'name': 'CurrentYTDDuration', 'start_date': '2019-04-01', 'end_date': '2019-12-31'}, {'name': 'Prior1YTDDuration', 'start_date': '2018-04-01', 'end_date': '2018-12-31'}], 'values': [{'segment': 'NotInclude', 'period': 'CurrentYTDDuration', 'net_sales': '2445327000', 'operating_income': '-121649000', 'revenues_from_external_customers': '2395378000', 'transactions_with_other_segments': '49949000'}, {'segment': 'Total', 'period': 'CurrentYTDDuration', 'net_sales': '29987521000', 'operating_income': '155896000', 'revenues_from_external_customers': '29846951000', 'transactions_with_other_segments': '140570000'}, {'segment': 'Condominiums', 'period': 'CurrentYTDDuration', 'net_sales': '12404683000', 'operating_income': '477975000', 'revenues_from_external_customers': '12403063000', 'transactions_with_other_segments': '1620000'}, {'segment': 'HousingBusiness', 'period': 'CurrentYTDDuration', 'net_sales': '17582838000', 'operating_income': '-322078000', 'revenues_from_external_customers': '17443887000', 'transactions_with_other_segments': '138950000'}, {'segment': 'Reconcile', 'period': 'Prior1YTDDuration', 'net_sales': '-51107000', 'operating_income': '-692562000', 'revenues_from_external_customers': None, 'transactions_with_other_segments': '-51107000'}, {'segment': 'NotInclude', 'period': 'Prior1YTDDuration', 'net_sales': '1876093000', 'operating_income': '-134705000', 'revenues_from_external_customers': '1853028000', 'transactions_with_other_segments': '23064000'}, {'segment': 'HousingBusiness', 'period': 'Prior1YTDDuration', 'net_sales': '17016280000', 'operating_income': '-273309000', 'revenues_from_external_customers': '16989857000', 'transactions_with_other_segments': '26422000'}, {'segment': 'Condominiums', 'period': 'Prior1YTDDuration', 'net_sales': '12678127000', 'operating_income': '528343000', 'revenues_from_external_customers': '12676507000', 'transactions_with_other_segments': '1620000'}, {'segment': 'Total', 'period': 'Prior1YTDDuration', 'net_sales': '29694407000', 'operating_income': '255033000', 'revenues_from_external_customers': '29666364000', 'transactions_with_other_segments': '28042000'}, {'segment': 'Reconcile', 'period': 'CurrentYTDDuration', 'net_sales': '-190519000', 'operating_income': '-725629000', 'revenues_from_external_customers': None, 'transactions_with_other_segments': '-190519000'}]}",,,2019.0,3.0,2020-02-13 16:30:00+00:00
10,サンヨーホームズ株式会社,代表取締役社長　　松岡　久志,大阪市西区西本町一丁目４番１号,2020-03-31T00:00:00.000Z,2020-06-26T15:17:00.000Z,2020-06-26T15:17:00.000Z,2020-05-15T16:00:00.000Z,有価証券報告書－第24期(平成31年4月1日－令和2年3月31日),2020年３月期 決算短信〔日本基準〕（連結）,Japan GAAP,10721147.0,12620000.0,1898853.0,57896211000.0,53371186000.0,8220883000.0,0.0,,,,49919000.0,142777000.0,142777000.0,7027000.0,64708000.0,637792000.0,,-508000.0,4525025000.0,2183111000.0,1395939000.0,,747755000.0,,85739000.0,,2256174000.0,110197000.0,,-5967000.0,,41397818000.0,28444000000.0,32094637000.0,6989125000.0,6989125000.0,,,,12390000000.0,,,8690000000.0,,,,1009590000.0,199099000.0,9303181000.0,,,,,7364000000.0,,,16498392000.0,16491567000.0,5945162000.0,3611796000.0,8231921000.0,-1297313000.0,-6204000.0,,56351143000.0,46656791000.0,9694352000.0,17.203470034316783,9281723000.0,412628000.0,0.7322442421442986,228775000.0,,6014000.0,,,226289000.0,169118000.0,38630000.0,415114000.0,250970000.0,,,101300000.0,,,67590000.0,564785000.0,205646000.0,36.411377780925484,359138000.0,,359138000.0,0.6373215890226042,-5634123000.0,564785000.0,115482000.0,,-926962000.0,-1953165000.0,-211743000.0,984160000.0,-295499000.0,,,,,,,,,,,,5175381000.0,4410000000.0,10464000000.0,-8250000000.0,,,-1133228000.0,,-315389000.0,,-5338624000.0,,,,,25.0,33.498094933312636,1537.649096687136,,528110000.0,2.1785266225879663,2.0195949147133376,0.9733131413383856,3.5119769283804625,0.6203134778543625,0.46068314969618307,1.6258585950372213,-9.998240852008983,16.47122401758559,1.1912296974568284,0.18542481028290766,40.98558507905426,2.4398822124197306,,,,-100.0,-100.0,-100.0,14.19934544593946,1.7506405504498819,0.0,1.1169564790686097,54.67651268600963,-6846348000.0,-53.55955620694102,25.812312337760197,49.12929448871879,6.0571619638664655,-504.85230798120665,20223117000.0,232.62814257709937,1.725409487519898,166.29315981981662,56.31015654149658,16485362000.0,28.473991156347,5843591000.0,848.0,66451819.5754717,486589.62264150946,"{'segments': [{'name': 'NotInclude', 'type': 'NotInclude'}, {'name': 'Reconcile', 'type': 'Reconcile'}, {'name': 'Total', 'type': 'Total'}], 'periods': [{'name': 'CurrentYearInstant', 'instant': '2020-03-31'}, {'name': 'Prior1YearDuration', 'start_date': '2018-04-01', 'end_date': '2019-03-31'}, {'name': 'Prior1YearInstant', 'instant': '2019-03-31'}, {'name': 'CurrentYearDuration', 'start_date': '2019-04-01', 'end_date': '2020-03-31'}], 'values': [{'segment': 'Reconcile', 'period': 'Prior1YearDuration', 'net_sales': '-278613000', 'operating_income': '-952740000', 'revenues_from_external_customers': None, 'transactions_with_other_segments': '-278613000'}, {'segment': 'NotInclude', 'period': 'Prior1YearDuration', 'net_sales': '2605073000', 'operating_income': '-195087000', 'revenues_from_external_customers': '2576886000', 'transactions_with_other_segments': '28187000'}, {'segment': 'Total', 'period': 'Prior1YearDuration', 'net_sales': '51562214000', 'operating_income': '2582053000', 'revenues_from_external_customers': '51311787000', 'transactions_with_other_segments': '250426000'}, {'segment': 'Reconcile', 'period': 'CurrentYearDuration', 'net_sales': '-330502000', 'operating_income': '-999946000', 'revenues_from_external_customers': None, 'transactions_with_other_segments': '-330502000'}, {'segment': 'NotInclude', 'period': 'CurrentYearDuration', 'net_sales': '3345978000', 'operating_income': '-151923000', 'revenues_from_external_customers': '3279673000', 'transactions_with_other_segments': '66304000'}, {'segment': 'Total', 'period': 'CurrentYearDuration', 'net_sales': '53335668000', 'operating_income': '1564498000', 'revenues_from_external_customers': '53071470000', 'transactions_with_other_segments': '264198000'}]}",366000000.0,104489000.0,2019.0,4.0,2020-06-26 15:17:00+00:00
