,company_name,ceo_name,headquarters_address,end_date,updated_date,edinet_updated_date,tdnet_updated_date,edinet_title,tdnet_title,accounting_standard,num_of_shares,issued_share_num,treasury_stock_num,assets,current_assets,cash_and_deposits,trade_receivables,notes_accounts_receivable,notes_receivable,accounts_receivable,current_securities,inventories,merchandise,work_in_process,raw_materials_and_supplies,prepaid_expenses,current_dta,current_allowance_doubtful_accounts,non_current_assets,tangible_fixed_assets,buildings,machineries,land,construction_in_progress,intangible_assets,good_will,investments_and_other_assets,investment_securities,non_current_dta,non_current_allowance_doubtful_accounts,lease_and_guarantee_deposits,liabilities,debt,current_liabilities,trade_payables,notes_accounts_payable,accounts_payable,notes_payable,short_term_bonds_payable,short_term_loans_payable,commercial_papers_liabilities,current_lease_obligations,current_portion_of_long_term_loans,current_portion_of_bonds,current_portion_of_convertible_bonds,current_portion_of_bonds_with_subscription_rights,advances_received,corporate_tax_payable,non_current_liabilities,bonds_payable,convertible_bonds,convertible_bond_type_bonds_with_subscription_rights,non_current_bonds_with_subscription_right,long_term_loans_payable,non_current_lease_obligations,non_current_dtl,net_assets,shareholders_equity,capital_stock,additional_capital_stock,retained_earnings,treasury_stock,valuation_and_translation_adjustments,non_controlling_interests,net_sales,cost_of_sales,gross_profit,gross_margin,sga,operating_income,operating_margin,non_operating_income,interest_and_dividends_income,interest_income,dividends_income,equity_method_income,non_operating_expenses,interest_expense,equity_method_loss,ordinary_income,extraordinary_income,gain_of_sales_non_current_assets,gain_of_sales_investment_securities,extraordinary_loss,loss_of_sales_non_current_assets,loss_of_valuation_investment_securities,impairment_loss,income_before_income_taxes,income_taxes,real_corporate_tax_rate,net_income,non_controling_interests,profit_loss_attributable_to_owners_of_parent,net_profit_margin,operating_cash_flow,income_before_taxes,depreciation,amortization,decrease_trade_receivables_op_cf,decrease_inventories_op_cf,increase_trade_payables_op_cf,investment_cash_flow,purchase_of_property,sale_of_property,purchase_of_intangible_assets,sale_of_intangible_assets,purchase_of_non_current_assets,sale_of_non_current_assets,purchase_of_securities,sale_of_securities,purchase_of_investment_securities,sale_of_investment_securities,lending,return_of_lending,financial_cash_flow,net_short_term_debt,long_term_debt_issuance,long_term_debt_repayment,bonds_issuance,bonds_repayment,share_repurchase,share_sales,dividend_payment,cash_translation_difference,free_cash_flow,ex_net_sales,ex_operating_income,ex_ordinary_income,ex_net_income,dividend,eps_actual,bps,ebitda_forecast,ebitda_actual,roe,real_roe,total_asset_turnover,financial_leverage,roa,roic,doe,net_sales_operating_cash_flow_ratio,sga_ratio,depreciation_gross_profit_ratio,r_and_d_ratio,interest_op_income_ratio,interest_coverage_ratio,net_sales_progress,operating_income_progress,net_income_progress,net_sales_growth_rate_forecast,operating_income_growth_rate_forecast,net_income_growth_rate_forecast,cash_assets_ratio,cash_monthly_sales_ratio,accounts_receivable_turnover,inventory_turnover,trade_payable_turnover,working_capital,ccc,tangible_fixed_assets_turnover,debt_assets_ratio,debt_monthly_sales_ratio,operating_cash_flow_debt_ratio,net_debt,adjusted_debt_ratio,de_ratio,current_ratio,net_debt_net_income_ratio,equity,equity_ratio,accrual,employee_num,net_sales_per_employee,operating_income_per_employee,segment_member,increase_in_properties,r_and_d_expenses,fiscal_year,fiscal_quarter,to_datetime
0,ＪＥＳＣＯホールディングス株式会社,代表取締役会長兼CEO　柗本　俊洋,東京都新宿区北新宿二丁目21番１号,2018-02-28T00:00:00.000Z,2018-04-13T16:54:00.000Z,2018-04-13T16:54:00.000Z,2018-04-13T16:00:00.000Z,【E31741】ＪＥＳＣＯホールディングス株式会社 四半期報告書－第49期第2四半期(平成29年12月1日－平成30年2月28日),【14340】ＪＥＳＣＯホールディングス株式会社 平成30年８月期　第２四半期決算短信〔日本基準〕（連結）,Japan GAAP,6433055.0,6433100.0,45.0,8857310000.0,4522358000.0,800489000.0,0.0,,,,,29765000.0,,,29765000.0,,21548000.0,-110604000.0,4324252000.0,3959769000.0,1995178000.0,111851000.0,2468043000.0,72227000.0,67368000.0,14519000.0,297113000.0,116967000.0,77239000.0,-30936000.0,,6284728000.0,3062840000.0,3805693000.0,1275947000.0,1275947000.0,,,,1004206000.0,,36738000.0,161875000.0,50000000.0,,,,9037000.0,2479034000.0,450000000.0,,,,1339930000.0,20091000.0,6094000.0,2572582000.0,2196000000.0,945120000.0,844941000.0,405963000.0,-25000.0,-9751000.0,385889000.0,3121906000.0,2606951000.0,514954000.0,16.494859230226663,490375000.0,24579000.0,0.7873074974070328,10219000.0,,2061000.0,120000.0,,27827000.0,19074000.0,,6971000.0,24087000.0,,,4337000.0,4337000.0,,,26722000.0,1855000.0,6.9418456702342635,24866000.0,54939000.0,-30072000.0,,-311573000.0,26722000.0,72287000.0,1162000.0,482062000.0,-717126000.0,-517072000.0,199739000.0,,,,,-16239000.0,48877000.0,,,-56337000.0,,,,56767000.0,,,-215182000.0,500000000.0,-468000000.0,,,-57050000.0,2504000.0,-295334000.0,9800000000.0,450000000.0,431000000.0,250000000.0,,170.86189998375576,339.84615396572855,523449000.0,98028000.0,50.27624941166354,50.275674503744725,1.044890039978278,4.051372922297506,12.409681946324563,,2.9425079211013934,-9.980217213458701,15.70755173281963,14.037564520326088,0.0,77.60283168558526,1.2886127713117332,31.85618367346939,5.462,-12.0288,213.91079680169742,1730.831197363603,-931.3381218409152,9.037608483839902,1.0379207156413646,0.0,1.3280016751250048,56.92792720882663,-1246182000.0,-55.59992553370163,2.337236086246445,34.57979905863067,3.9713038963620955,-1267.2701995961736,2262351000.0,244.29413431589046,1.4009566156462507,118.83139286327089,2.058246994988919,2186249000.0,24.68299065969239,261751000.0,,,,"{'segments': [{'name': 'DomesticEPCBusiness', 'type': 'Segment'}, {'name': 'ASEANEPCBusiness', 'type': 'Segment'}, {'name': 'RealEstateBusiness', 'type': 'Segment'}, {'name': 'Total', 'type': 'Total'}, {'name': 'NotInclude', 'type': 'NotInclude'}, {'name': 'Reconcile', 'type': 'Reconcile'}], 'periods': [{'name': 'CurrentYTDDuration', 'start_date': '2017-09-01', 'end_date': '2018-02-28'}, {'name': 'Prior1YTDDuration', 'start_date': '2016-09-01', 'end_date': '2017-02-28'}], 'values': [{'segment': 'DomesticEPCBusiness', 'period': 'CurrentYTDDuration', 'net_sales': '1891465000', 'operating_income': '-71945000', 'revenues_from_external_customers': '1834566000', 'transactions_with_other_segments': '56899000'}, {'segment': 'DomesticEPCBusiness', 'period': 'Prior1YTDDuration', 'net_sales': '2377017000', 'operating_income': '-26645000', 'revenues_from_external_customers': '2318680000', 'transactions_with_other_segments': '58336000'}, {'segment': 'ASEANEPCBusiness', 'period': 'Prior1YTDDuration', 'net_sales': '722030000', 'operating_income': '40825000', 'revenues_from_external_customers': '701352000', 'transactions_with_other_segments': '20677000'}, {'segment': 'ASEANEPCBusiness', 'period': 'CurrentYTDDuration', 'net_sales': '1211838000', 'operating_income': '111373000', 'revenues_from_external_customers': '1183822000', 'transactions_with_other_segments': '28015000'}, {'segment': 'RealEstateBusiness', 'period': 'Prior1YTDDuration', 'net_sales': '128693000', 'operating_income': '68011000', 'revenues_from_external_customers': '103567000', 'transactions_with_other_segments': '25125000'}, {'segment': 'RealEstateBusiness', 'period': 'CurrentYTDDuration', 'net_sales': '127238000', 'operating_income': '76112000', 'revenues_from_external_customers': '103323000', 'transactions_with_other_segments': '23915000'}, {'segment': 'Total', 'period': 'Prior1YTDDuration', 'net_sales': '3227740000', 'operating_income': '82191000', 'revenues_from_external_customers': '3123600000', 'transactions_with_other_segments': '104139000'}, {'segment': 'Total', 'period': 'CurrentYTDDuration', 'net_sales': '3230542000', 'operating_income': '115540000', 'revenues_from_external_customers': '3121712000', 'transactions_with_other_segments': '108829000'}, {'segment': 'NotInclude', 'period': 'Prior1YTDDuration', 'net_sales': '207980000', 'operating_income': '-26739000', 'revenues_from_external_customers': None, 'transactions_with_other_segments': '207980000'}, {'segment': 'NotInclude', 'period': 'CurrentYTDDuration', 'net_sales': '220858000', 'operating_income': '-91043000', 'revenues_from_external_customers': '194000', 'transactions_with_other_segments': '220663000'}, {'segment': 'Reconcile', 'period': 'Prior1YTDDuration', 'net_sales': '-312119000', 'operating_income': '-2039000', 'revenues_from_external_customers': None, 'transactions_with_other_segments': '-312119000'}, {'segment': 'Reconcile', 'period': 'CurrentYTDDuration', 'net_sales': '-329493000', 'operating_income': '81000', 'revenues_from_external_customers': None, 'transactions_with_other_segments': '-329493000'}]}",,,2017.0,2.0,2018-04-13 16:54:00+00:00
1,ＪＥＳＣＯホールディングス株式会社,代表取締役社長　唐澤　光子,東京都新宿区北新宿二丁目21番１号,2018-05-31T00:00:00.000Z,2018-07-13T16:51:00.000Z,2018-07-13T16:51:00.000Z,2018-07-13T19:00:00.000Z,【E31741】ＪＥＳＣＯホールディングス株式会社 四半期報告書－第49期第3四半期(平成30年3月1日－平成30年5月31日),【14340】ＪＥＳＣＯホールディングス株式会社 平成30年８月期　第３四半期決算短信〔日本基準〕(連結),Japan GAAP,6438455.0,6438500.0,45.0,9909666000.0,4532842000.0,1118312000.0,0.0,,,,,29838000.0,,,29838000.0,,21543000.0,-104136000.0,5366393000.0,5009896000.0,2259153000.0,112029000.0,3277209000.0,83487000.0,65102000.0,13133000.0,291394000.0,113331000.0,77187000.0,-30936000.0,,7361303000.0,3941030000.0,4923367000.0,1290485000.0,1290485000.0,,,,2057446000.0,,33318000.0,61959000.0,50000000.0,,,,2685000.0,2437936000.0,450000000.0,,,,1274408000.0,13899000.0,6475000.0,2548363000.0,2231348000.0,945714000.0,845535000.0,440124000.0,-25000.0,-56069000.0,372640000.0,5510004000.0,4744191000.0,765813000.0,13.898592451112558,691269000.0,74543000.0,1.352866531494351,17217000.0,,4881000.0,1554000.0,,40857000.0,29843000.0,,50904000.0,24293000.0,,,4290000.0,4290000.0,,,70907000.0,2903000.0,4.094095082290888,68003000.0,63915000.0,4088000.0,0.07419232363533675,,70907000.0,,,,,,,,,,,,,,,,,,,,,,,,,,,,,0.0,9200000000.0,150000000.0,130000000.0,1000000000.0,,170.71859630920773,337.8572965097993,150000000.0,74543000.0,50.529794109169444,50.52921338810575,0.933928045607188,4.555583904409503,11.091837000359044,,2.9598295207189516,0.0,12.545707770811058,0.0,0.0,40.03461089572461,2.4978386891398316,59.89134782608696,49.69533333333333,0.4088,66.96902579381067,101.22613793381001,24361.839530332683,11.285062483437889,1.4500126689440151,0.0,1.331258658907438,57.576557759909015,-1260647000.0,-56.24529910100158,1.8473267708551235,39.769554291739,5.109972376839766,-1630.6270894707225,2822718000.0,288.8611545808566,1.8117354141698605,92.0679283100366,2.5680589975654224,2175279000.0,21.951082912380702,-15915000.0,,,,"{'segments': [{'name': 'DomesticEPCBusiness', 'type': 'Segment'}, {'name': 'ASEANEPCBusiness', 'type': 'Segment'}, {'name': 'RealEstateBusiness', 'type': 'Segment'}, {'name': 'Total', 'type': 'Total'}, {'name': 'NotInclude', 'type': 'NotInclude'}, {'name': 'Reconcile', 'type': 'Reconcile'}], 'periods': [{'name': 'CurrentYTDDuration', 'start_date': '2017-09-01', 'end_date': '2018-05-31'}, {'name': 'Prior1YTDDuration', 'start_date': '2016-09-01', 'end_date': '2017-05-31'}], 'values': [{'segment': 'DomesticEPCBusiness', 'period': 'CurrentYTDDuration', 'net_sales': '3859353000', 'operating_income': '-23697000', 'revenues_from_external_customers': '3770010000', 'transactions_with_other_segments': '89342000'}, {'segment': 'DomesticEPCBusiness', 'period': 'Prior1YTDDuration', 'net_sales': '3950804000', 'operating_income': '29967000', 'revenues_from_external_customers': '3875598000', 'transactions_with_other_segments': '75206000'}, {'segment': 'ASEANEPCBusiness', 'period': 'CurrentYTDDuration', 'net_sales': '1622597000', 'operating_income': '103099000', 'revenues_from_external_customers': '1579824000', 'transactions_with_other_segments': '42773000'}, {'segment': 'ASEANEPCBusiness', 'period': 'Prior1YTDDuration', 'net_sales': '1042240000', 'operating_income': '39676000', 'revenues_from_external_customers': '1010638000', 'transactions_with_other_segments': '31602000'}, {'segment': 'RealEstateBusiness', 'period': 'Prior1YTDDuration', 'net_sales': '192695000', 'operating_income': '107343000', 'revenues_from_external_customers': '155708000', 'transactions_with_other_segments': '36987000'}, {'segment': 'RealEstateBusiness', 'period': 'CurrentYTDDuration', 'net_sales': '197005000', 'operating_income': '123802000', 'revenues_from_external_customers': '159974000', 'transactions_with_other_segments': '37030000'}, {'segment': 'Total', 'period': 'CurrentYTDDuration', 'net_sales': '5678956000', 'operating_income': '203204000', 'revenues_from_external_customers': '5509810000', 'transactions_with_other_segments': '169145000'}, {'segment': 'Total', 'period': 'Prior1YTDDuration', 'net_sales': '5185741000', 'operating_income': '176987000', 'revenues_from_external_customers': '5041945000', 'transactions_with_other_segments': '143796000'}, {'segment': 'NotInclude', 'period': 'CurrentYTDDuration', 'net_sales': '331790000', 'operating_income': '-129663000', 'revenues_from_external_customers': '194000', 'transactions_with_other_segments': '331595000'}, {'segment': 'NotInclude', 'period': 'Prior1YTDDuration', 'net_sales': '311970000', 'operating_income': '-27528000', 'revenues_from_external_customers': None, 'transactions_with_other_segments': '311970000'}, {'segment': 'Reconcile', 'period': 'Prior1YTDDuration', 'net_sales': '-455766000', 'operating_income': '-1605000', 'revenues_from_external_customers': None, 'transactions_with_other_segments': '-455766000'}, {'segment': 'Reconcile', 'period': 'CurrentYTDDuration', 'net_sales': '-500741000', 'operating_income': '1003000', 'revenues_from_external_customers': None, 'transactions_with_other_segments': '-500741000'}]}",,,2017.0,3.0,2018-07-13 16:51:00+00:00
2,ＪＥＳＣＯホールディングス株式会社,代表取締役社長　唐澤　光子,東京都新宿区北新宿二丁目21番１号,2018-08-31T00:00:00.000Z,2018-11-27T15:11:00.000Z,2018-11-27T15:11:00.000Z,2018-10-15T15:30:00.000Z,【E31741】ＪＥＳＣＯホールディングス株式会社 有価証券報告書－第49期(平成29年9月1日－平成30年8月31日),【14340】ＪＥＳＣＯホールディングス株式会社 平成30年８月期　決算短信[日本基準](連結),Japan GAAP,6447855.0,6447900.0,45.0,10141219000.0,6464175000.0,1779408000.0,0.0,,,,,31288000.0,,,31288000.0,,46407000.0,-101087000.0,3666883000.0,3394320000.0,1681073000.0,102872000.0,2208765000.0,,35299000.0,12973000.0,237262000.0,60031000.0,78501000.0,-30936000.0,,6481819000.0,1846140000.0,4431370000.0,2268591000.0,2268591000.0,,,,472265000.0,,28768000.0,18778000.0,50000000.0,,,,413579000.0,2050449000.0,425000000.0,,,,842398000.0,8931000.0,116755000.0,3659399000.0,3318854000.0,946748000.0,846569000.0,1525562000.0,-25000.0,-39193000.0,379294000.0,9254915000.0,8180882000.0,1074032000.0,11.604990429409671,911051000.0,162981000.0,1.7610210358496,42799000.0,,8719000.0,2247000.0,,54652000.0,40796000.0,,151128000.0,1799668000.0,1775375000.0,,207790000.0,4269000.0,,98154000.0,1743007000.0,569863000.0,32.694246207846554,1173143000.0,73979000.0,1099164000.0,11.876543436649607,-241688000.0,1743007000.0,152321000.0,2291000.0,-879839000.0,-318235000.0,490040000.0,2290783000.0,,,,,-1170477000.0,3307781000.0,,,-8027000.0,,,,-1171976000.0,,,-855811000.0,500000000.0,-493000000.0,,,-57050000.0,-8911000.0,928789000.0,10000000000.0,400000000.0,385000000.0,230000000.0,10.0,170.46971434686418,508.6437272550329,554612000.0,317593000.0,33.51456141351194,33.514305942703054,0.9126038003912548,3.0921546464710836,10.838578675798246,,1.9660126458191867,-2.6114556427584694,9.84396939356007,14.182165894498489,0.0,25.031138598977794,3.9950240219629376,92.54915,40.74525,477.8973913043478,8.050695225185756,145.42738110577304,-79.0750060955417,17.5462930048153,2.307195257871088,0.0,1.3959521723941257,101.21594652019184,-2237303000.0,-99.8199943477977,2.726588830752551,18.204320407635414,2.3937205257962932,-763.852570255867,66732000.0,177.12675546752712,0.5629057393431821,145.87305957299887,0.06071159535792657,3279661000.0,32.33990903854852,-251026000.0,671.0,13792719.821162444,242892.69746646794,"{'segments': [{'name': 'DomesticEPCBusiness', 'type': 'Segment'}, {'name': 'ASEANEPCBusiness', 'type': 'Segment'}, {'name': 'RealEstateBusiness', 'type': 'Segment'}, {'name': 'Total', 'type': 'Total'}, {'name': 'NotInclude', 'type': 'NotInclude'}, {'name': 'Reconcile', 'type': 'Reconcile'}], 'periods': [{'name': 'CurrentYearDuration', 'start_date': '2017-09-01', 'end_date': '2018-08-31'}, {'name': 'Prior1YearDuration', 'start_date': '2016-09-01', 'end_date': '2017-08-31'}, {'name': 'Prior1YearInstant', 'instant': '2017-08-31'}, {'name': 'CurrentYearInstant', 'instant': '2018-08-31'}], 'values': [{'segment': 'DomesticEPCBusiness', 'period': 'CurrentYearDuration', 'net_sales': '6897440000', 'operating_income': '105051000', 'revenues_from_external_customers': '6741965000', 'transactions_with_other_segments': '155475000'}, {'segment': 'DomesticEPCBusiness', 'period': 'Prior1YearDuration', 'net_sales': '6051635000', 'operating_income': '170601000', 'revenues_from_external_customers': '5923397000', 'transactions_with_other_segments': '128238000'}, {'segment': 'ASEANEPCBusiness', 'period': 'CurrentYearDuration', 'net_sales': '2368301000', 'operating_income': '124308000', 'revenues_from_external_customers': '2310060000', 'transactions_with_other_segments': '58241000'}, {'segment': 'ASEANEPCBusiness', 'period': 'Prior1YearDuration', 'net_sales': '1780278000', 'operating_income': '34733000', 'revenues_from_external_customers': '1727893000', 'transactions_with_other_segments': '52385000'}, {'segment': 'RealEstateBusiness', 'period': 'CurrentYearDuration', 'net_sales': '252839000', 'operating_income': '158971000', 'revenues_from_external_customers': '202694000', 'transactions_with_other_segments': '50145000'}, {'segment': 'RealEstateBusiness', 'period': 'Prior1YearDuration', 'net_sales': '258740000', 'operating_income': '144082000', 'revenues_from_external_customers': '208092000', 'transactions_with_other_segments': '50647000'}, {'segment': 'Total', 'period': 'CurrentYearDuration', 'net_sales': '9518582000', 'operating_income': '388330000', 'revenues_from_external_customers': '9254720000', 'transactions_with_other_segments': '263861000'}, {'segment': 'Total', 'period': 'Prior1YearDuration', 'net_sales': '8090654000', 'operating_income': '349417000', 'revenues_from_external_customers': '7859383000', 'transactions_with_other_segments': '231271000'}, {'segment': 'NotInclude', 'period': 'CurrentYearDuration', 'net_sales': '442783000', 'operating_income': '-218195000', 'revenues_from_external_customers': '194000', 'transactions_with_other_segments': '442589000'}, {'segment': 'NotInclude', 'period': 'Prior1YearDuration', 'net_sales': '416000000', 'operating_income': '-69897000', 'revenues_from_external_customers': None, 'transactions_with_other_segments': '416000000'}, {'segment': 'Reconcile', 'period': 'CurrentYearDuration', 'net_sales': '-706451000', 'operating_income': '-7153000', 'revenues_from_external_customers': None, 'transactions_with_other_segments': '-706451000'}, {'segment': 'Reconcile', 'period': 'Prior1YearDuration', 'net_sales': '-647271000', 'operating_income': '-3689000', 'revenues_from_external_customers': None, 'transactions_with_other_segments': '-647271000'}]}",1217085000.0,,2017.0,4.0,2018-11-27 15:11:00+00:00
3,ＪＥＳＣＯホールディングス株式会社,代表取締役社長  唐澤　光子,東京都新宿区北新宿二丁目21番１号,2018-11-30T00:00:00.000Z,2019-01-11T15:47:00.000Z,2019-01-11T15:47:00.000Z,2019-01-11T15:30:00.000Z,【E31741】ＪＥＳＣＯホールディングス株式会社 四半期報告書－第50期第1四半期(平成30年9月1日－平成30年11月30日),【14340】ＪＥＳＣＯホールディングス株式会社 2019年８月期　第１四半期決算短信[日本基準]（連結）,Japan GAAP,6448655.0,6449500.0,845.0,9754560000.0,6007540000.0,1059415000.0,0.0,,,,,31359000.0,,,31359000.0,,,-101870000.0,3737129000.0,3370365000.0,1681831000.0,121277000.0,2208765000.0,,34021000.0,12523000.0,332741000.0,155683000.0,78574000.0,-32706000.0,,6161029000.0,1555706000.0,4111532000.0,2239591000.0,2239591000.0,,,,195285000.0,,24291000.0,18802000.0,50000000.0,,,,11814000.0,2049497000.0,425000000.0,,,,837688000.0,4640000.0,116751000.0,3593531000.0,3287726000.0,946924000.0,866447000.0,1474380000.0,-25000.0,-35051000.0,340413000.0,2332927000.0,2097160000.0,235767000.0,10.10605989814512,213576000.0,22191000.0,0.951208503309362,6180000.0,,2026000.0,,,13807000.0,6390000.0,,14564000.0,,,,,,,,14564000.0,-5906000.0,-40.55204614117001,20470000.0,7174000.0,13296000.0,0.5699278202875615,,14564000.0,,,,,,,,,,,,,,,,,,,,,,,,,,,,,0.0,10000000000.0,400000000.0,385000000.0,230000000.0,,-19.451342954461047,504.395722829024,400000000.0,22191000.0,,,1.0631803997309976,2.9989356449493556,,,2.1808273746462143,0.0,9.154851394835758,0.0,0.0,28.795457617953225,3.4727699530516434,23.32927,5.54775,5.780869565217391,328.64607422349695,1702.5325582443334,1629.8435619735258,10.860715398746843,1.2258369775998261,0.0,1.197820007739865,85.54567776249665,-2208232000.0,-84.34785775475679,3.0770723645658555,15.948499983597413,1.800089616509031,276.9638597115898,496291000.0,171.44658382949925,0.478285250842845,146.1143923968,-3.9565591740742216,3252674000.0,33.345163697798775,13296000.0,,,,"{'segments': [{'name': 'DomesticEPCBusiness', 'type': 'Segment'}, {'name': 'ASEANEPCBusiness', 'type': 'Segment'}, {'name': 'RealEstateBusiness', 'type': 'Segment'}, {'name': 'Total', 'type': 'Total'}, {'name': 'NotInclude', 'type': 'NotInclude'}, {'name': 'Reconcile', 'type': 'Reconcile'}], 'periods': [{'name': 'Prior1YTDDuration', 'start_date': '2017-09-01', 'end_date': '2017-11-30'}, {'name': 'CurrentYTDDuration', 'start_date': '2018-09-01', 'end_date': '2018-11-30'}], 'values': [{'segment': 'DomesticEPCBusiness', 'period': 'Prior1YTDDuration', 'net_sales': '707736000', 'operating_income': '-61996000', 'revenues_from_external_customers': '680736000', 'transactions_with_other_segments': '27000000'}, {'segment': 'DomesticEPCBusiness', 'period': 'CurrentYTDDuration', 'net_sales': '1492264000', 'operating_income': '-5954000', 'revenues_from_external_customers': '1487204000', 'transactions_with_other_segments': '5060000'}, {'segment': 'ASEANEPCBusiness', 'period': 'Prior1YTDDuration', 'net_sales': '649724000', 'operating_income': '44671000', 'revenues_from_external_customers': '636118000', 'transactions_with_other_segments': '13606000'}, {'segment': 'ASEANEPCBusiness', 'period': 'CurrentYTDDuration', 'net_sales': '829450000', 'operating_income': '13818000', 'revenues_from_external_customers': '813064000', 'transactions_with_other_segments': '16385000'}, {'segment': 'RealEstateBusiness', 'period': 'CurrentYTDDuration', 'net_sales': '45321000', 'operating_income': '28472000', 'revenues_from_external_customers': '32658000', 'transactions_with_other_segments': '12663000'}, {'segment': 'RealEstateBusiness', 'period': 'Prior1YTDDuration', 'net_sales': '62207000', 'operating_income': '47865000', 'revenues_from_external_customers': '51527000', 'transactions_with_other_segments': '10680000'}, {'segment': 'Total', 'period': 'CurrentYTDDuration', 'net_sales': '2367035000', 'operating_income': '36336000', 'revenues_from_external_customers': '2332927000', 'transactions_with_other_segments': '34108000'}, {'segment': 'Total', 'period': 'Prior1YTDDuration', 'net_sales': '1419669000', 'operating_income': '30540000', 'revenues_from_external_customers': '1368382000', 'transactions_with_other_segments': '51286000'}, {'segment': 'NotInclude', 'period': 'CurrentYTDDuration', 'net_sales': '118650000', 'operating_income': '-13840000', 'revenues_from_external_customers': None, 'transactions_with_other_segments': '118650000'}, {'segment': 'NotInclude', 'period': 'Prior1YTDDuration', 'net_sales': '109926000', 'operating_income': '-52191000', 'revenues_from_external_customers': '194000', 'transactions_with_other_segments': '109731000'}, {'segment': 'Reconcile', 'period': 'Prior1YTDDuration', 'net_sales': '-161018000', 'operating_income': '-819000', 'revenues_from_external_customers': None, 'transactions_with_other_segments': '-161018000'}, {'segment': 'Reconcile', 'period': 'CurrentYTDDuration', 'net_sales': '-152758000', 'operating_income': '-304000', 'revenues_from_external_customers': None, 'transactions_with_other_segments': '-152758000'}]}",,,2018.0,1.0,2019-01-11 15:47:00+00:00
4,ＪＥＳＣＯホールディングス株式会社,代表取締役社長　唐澤　光子,東京都新宿区北新宿二丁目21番１号,2019-02-28T00:00:00.000Z,2019-04-12T15:40:00.000Z,2019-04-12T15:40:00.000Z,2019-04-12T15:30:00.000Z,【E31741】ＪＥＳＣＯホールディングス株式会社 四半期報告書－第50期第2四半期(平成30年12月1日－平成31年2月28日),【14340】ＪＥＳＣＯホールディングス株式会社 2019年8月期　第2四半期決算短信[日本基準](連結),Japan GAAP,6570655.0,6571500.0,845.0,9266243000.0,5523406000.0,931830000.0,0.0,,,,,29321000.0,,,29321000.0,,,-104343000.0,3733215000.0,3346860000.0,1676964000.0,98428000.0,2208932000.0,885000.0,32116000.0,11724000.0,354238000.0,154869000.0,78384000.0,-32056000.0,,5589377000.0,1702518000.0,3561948000.0,1721187000.0,1721187000.0,,,,380464000.0,,16152000.0,18825000.0,50000000.0,,,,31694000.0,2027428000.0,400000000.0,,,,832973000.0,4104000.0,116613000.0,3676865000.0,3389192000.0,970740000.0,890148000.0,1528329000.0,-25000.0,-49959000.0,337632000.0,4967038000.0,4423770000.0,543268000.0,10.937464138587222,428898000.0,114370000.0,2.3025795252623396,15017000.0,,3412000.0,160000.0,,18487000.0,13680000.0,,110899000.0,,,,9034000.0,,,,101864000.0,23094000.0,22.67140501060237,78770000.0,11525000.0,67244000.0,1.353804822914582,-502219000.0,101864000.0,51339000.0,1138000.0,305833000.0,-287500000.0,-542075000.0,-208858000.0,,,,,-6694000.0,,,,-98673000.0,,,,-237617000.0,,,-9377000.0,,-25000000.0,,,-64478000.0,-10984000.0,-495525000.0,10000000000.0,400000000.0,385000000.0,230000000.0,,-19.09018202903668,508.20397662029126,452477000.0,166847000.0,,,1.1192083997797166,2.774961495648851,,,2.1644852275956783,-10.111035993684768,8.634884613324884,9.450032028391144,0.0,11.961178630759814,8.360380116959064,49.67038,28.5925,29.236521739130435,101.32722962860359,249.74206522689516,242.03795134138363,10.05617918718514,1.0782098335749881,0.0,1.1199745032348158,65.74419546738592,-1691866000.0,-64.6242209641511,3.0986826458232493,18.373336421244296,1.9699641022916428,303.10094356418017,770688000.0,152.01371267565796,0.5098530111555558,155.06700266258798,-6.144122453860565,3339233000.0,36.03653605889679,578497000.0,,,,"{'segments': [{'name': 'DomesticEPCBusiness', 'type': 'Segment'}, {'name': 'ASEANEPCBusiness', 'type': 'Segment'}, {'name': 'RealEstateBusiness', 'type': 'Segment'}, {'name': 'Total', 'type': 'Total'}, {'name': 'NotInclude', 'type': 'NotInclude'}, {'name': 'Reconcile', 'type': 'Reconcile'}], 'periods': [{'name': 'Prior1YTDDuration', 'start_date': '2017-09-01', 'end_date': '2018-02-28'}, {'name': 'CurrentYTDDuration', 'start_date': '2018-09-01', 'end_date': '2019-02-28'}], 'values': [{'segment': 'DomesticEPCBusiness', 'period': 'Prior1YTDDuration', 'net_sales': '1891465000', 'operating_income': '-71945000', 'revenues_from_external_customers': '1834566000', 'transactions_with_other_segments': '56899000'}, {'segment': 'DomesticEPCBusiness', 'period': 'CurrentYTDDuration', 'net_sales': '3208328000', 'operating_income': '60281000', 'revenues_from_external_customers': '3197408000', 'transactions_with_other_segments': '10919000'}, {'segment': 'ASEANEPCBusiness', 'period': 'CurrentYTDDuration', 'net_sales': '1731417000', 'operating_income': '22370000', 'revenues_from_external_customers': '1704444000', 'transactions_with_other_segments': '26973000'}, {'segment': 'ASEANEPCBusiness', 'period': 'Prior1YTDDuration', 'net_sales': '1211838000', 'operating_income': '111373000', 'revenues_from_external_customers': '1183822000', 'transactions_with_other_segments': '28015000'}, {'segment': 'RealEstateBusiness', 'period': 'CurrentYTDDuration', 'net_sales': '90511000', 'operating_income': '54585000', 'revenues_from_external_customers': '65185000', 'transactions_with_other_segments': '25326000'}, {'segment': 'RealEstateBusiness', 'period': 'Prior1YTDDuration', 'net_sales': '127238000', 'operating_income': '76112000', 'revenues_from_external_customers': '103323000', 'transactions_with_other_segments': '23915000'}, {'segment': 'Total', 'period': 'CurrentYTDDuration', 'net_sales': '5030257000', 'operating_income': '137237000', 'revenues_from_external_customers': '4967038000', 'transactions_with_other_segments': '63218000'}, {'segment': 'Total', 'period': 'Prior1YTDDuration', 'net_sales': '3230542000', 'operating_income': '115540000', 'revenues_from_external_customers': '3121712000', 'transactions_with_other_segments': '108829000'}, {'segment': 'NotInclude', 'period': 'CurrentYTDDuration', 'net_sales': '237300000', 'operating_income': '-23455000', 'revenues_from_external_customers': None, 'transactions_with_other_segments': '237300000'}, {'segment': 'NotInclude', 'period': 'Prior1YTDDuration', 'net_sales': '220858000', 'operating_income': '-91043000', 'revenues_from_external_customers': '194000', 'transactions_with_other_segments': '220663000'}, {'segment': 'Reconcile', 'period': 'Prior1YTDDuration', 'net_sales': '-329493000', 'operating_income': '81000', 'revenues_from_external_customers': None, 'transactions_with_other_segments': '-329493000'}, {'segment': 'Reconcile', 'period': 'CurrentYTDDuration', 'net_sales': '-300518000', 'operating_income': '588000', 'revenues_from_external_customers': None, 'transactions_with_other_segments': '-300518000'}]}",,,2018.0,2.0,2019-04-12 15:40:00+00:00
5,ＪＥＳＣＯホールディングス株式会社,代表取締役社長　唐澤　光子,東京都新宿区北新宿二丁目21番１号,2019-05-31T00:00:00.000Z,2019-07-12T15:34:00.000Z,2019-07-12T15:34:00.000Z,2019-07-12T15:30:00.000Z,【E31741】ＪＥＳＣＯホールディングス株式会社 四半期報告書－第50期第3四半期(平成31年3月1日－令和1年5月31日),【14340】ＪＥＳＣＯホールディングス株式会社 2019年8月期　第3四半期決算短信[日本基準](連結),Japan GAAP,6570655.0,6571500.0,845.0,8690636000.0,4993100000.0,1189368000.0,0.0,,,,,29515000.0,,,29515000.0,,,-141483000.0,3688184000.0,3320800000.0,1705119000.0,98484000.0,2208932000.0,,30568000.0,11231000.0,336815000.0,146457000.0,79051000.0,-32056000.0,,5061391000.0,1431888000.0,3037274000.0,1449608000.0,1449608000.0,,,,120719000.0,,10416000.0,18849000.0,50000000.0,,,,27509000.0,2024117000.0,400000000.0,,,,828252000.0,3652000.0,115754000.0,3629244000.0,3367464000.0,970740000.0,890148000.0,1506601000.0,-25000.0,-53493000.0,315273000.0,7217397000.0,6480233000.0,737163000.0,10.213696156661467,674930000.0,62233000.0,0.8622637773701516,26500000.0,,5868000.0,160000.0,,28336000.0,20044000.0,,60397000.0,,,,9034000.0,,,,51363000.0,19101000.0,37.18824834997956,32261000.0,-13255000.0,45516000.0,0.6306428758179714,,51363000.0,,,,,,,,,,,,,,,,,,,,,,,,,,,,,0.0,10100000000.0,100000000.0,100000000.0,80000000.0,,-19.09018202903668,504.3593066444669,100000000.0,62233000.0,,,1.1933369433491403,2.6224236723857874,,,2.1809848366204774,0.0,9.351432379291316,0.0,0.0,32.2079925441486,3.104819397325883,71.45937623762376,62.233,56.895,39.93964860184358,60.686452525187605,75.76236927673786,13.685626690612745,1.376204107336549,0.0,1.1273847229963367,55.37068993844735,-1420093000.0,-54.24330521545101,3.1229995784148397,16.47621647023302,1.6568212250925838,254.92042015310665,242520000.0,139.46034311592774,0.4320762010289167,164.39412446819088,-1.9334316578307489,3313971000.0,38.13266370838682,54550000.0,,,,"{'segments': [{'name': 'DomesticEPCBusiness', 'type': 'Segment'}, {'name': 'ASEANEPCBusiness', 'type': 'Segment'}, {'name': 'RealEstateBusiness', 'type': 'Segment'}, {'name': 'Total', 'type': 'Total'}, {'name': 'NotInclude', 'type': 'NotInclude'}, {'name': 'Reconcile', 'type': 'Reconcile'}], 'periods': [{'name': 'CurrentYTDDuration', 'start_date': '2018-09-01', 'end_date': '2019-05-31'}, {'name': 'Prior1YTDDuration', 'start_date': '2017-09-01', 'end_date': '2018-05-31'}], 'values': [{'segment': 'DomesticEPCBusiness', 'period': 'CurrentYTDDuration', 'net_sales': '5020553000', 'operating_income': '54786000', 'revenues_from_external_customers': '5000232000', 'transactions_with_other_segments': '20321000'}, {'segment': 'DomesticEPCBusiness', 'period': 'Prior1YTDDuration', 'net_sales': '3859353000', 'operating_income': '-23697000', 'revenues_from_external_customers': '3770010000', 'transactions_with_other_segments': '89342000'}, {'segment': 'ASEANEPCBusiness', 'period': 'Prior1YTDDuration', 'net_sales': '1622597000', 'operating_income': '103099000', 'revenues_from_external_customers': '1579824000', 'transactions_with_other_segments': '42773000'}, {'segment': 'ASEANEPCBusiness', 'period': 'CurrentYTDDuration', 'net_sales': '2169779000', 'operating_income': '-36213000', 'revenues_from_external_customers': '2120203000', 'transactions_with_other_segments': '49575000'}, {'segment': 'RealEstateBusiness', 'period': 'CurrentYTDDuration', 'net_sales': '134949000', 'operating_income': '83052000', 'revenues_from_external_customers': '96960000', 'transactions_with_other_segments': '37989000'}, {'segment': 'RealEstateBusiness', 'period': 'Prior1YTDDuration', 'net_sales': '197005000', 'operating_income': '123802000', 'revenues_from_external_customers': '159974000', 'transactions_with_other_segments': '37030000'}, {'segment': 'Total', 'period': 'Prior1YTDDuration', 'net_sales': '5678956000', 'operating_income': '203204000', 'revenues_from_external_customers': '5509810000', 'transactions_with_other_segments': '169145000'}, {'segment': 'Total', 'period': 'CurrentYTDDuration', 'net_sales': '7325282000', 'operating_income': '101624000', 'revenues_from_external_customers': '7217397000', 'transactions_with_other_segments': '107885000'}, {'segment': 'NotInclude', 'period': 'Prior1YTDDuration', 'net_sales': '331790000', 'operating_income': '-129663000', 'revenues_from_external_customers': '194000', 'transactions_with_other_segments': '331595000'}, {'segment': 'NotInclude', 'period': 'CurrentYTDDuration', 'net_sales': '355950000', 'operating_income': '-40250000', 'revenues_from_external_customers': None, 'transactions_with_other_segments': '355950000'}, {'segment': 'Reconcile', 'period': 'Prior1YTDDuration', 'net_sales': '-500741000', 'operating_income': '1003000', 'revenues_from_external_customers': None, 'transactions_with_other_segments': '-500741000'}, {'segment': 'Reconcile', 'period': 'CurrentYTDDuration', 'net_sales': '-463835000', 'operating_income': '859000', 'revenues_from_external_customers': None, 'transactions_with_other_segments': '-463835000'}]}",,,2018.0,3.0,2019-07-12 15:34:00+00:00
6,ＪＥＳＣＯホールディングス株式会社,代表取締役社長　唐澤　光子,東京都中野区中央四丁目３番４号,2019-08-31T00:00:00.000Z,2019-11-27T14:34:00.000Z,2019-11-27T14:34:00.000Z,2019-10-15T15:30:00.000Z,【E31741】ＪＥＳＣＯホールディングス株式会社 有価証券報告書－第50期(平成30年9月1日－令和1年8月31日),【14340】ＪＥＳＣＯホールディングス株式会社 2019年8月期　決算短信〔日本基準〕(連結),Japan GAAP,6570755.0,6575600.0,4845.0,9004989000.0,5392826000.0,1639831000.0,0.0,,,,,24927000.0,,,24927000.0,,,-156648000.0,3603082000.0,3289749000.0,1705119000.0,96511000.0,2199981000.0,1566000.0,31498000.0,10377000.0,281834000.0,132479000.0,52536000.0,-31691000.0,,5571114000.0,1359811000.0,3598812000.0,2019337000.0,2019337000.0,,,,81415000.0,,6066000.0,20441000.0,50000000.0,,,,18429000.0,1972301000.0,375000000.0,,,,823525000.0,3364000.0,114173000.0,3433875000.0,3197530000.0,971191000.0,890715000.0,1335649000.0,-25000.0,-76076000.0,312421000.0,10370857000.0,9555722000.0,815135000.0,7.859861533140415,903448000.0,-88312000.0,,42896000.0,,14063000.0,789000.0,,36607000.0,26608000.0,,-82024000.0,7093000.0,,7093000.0,18671000.0,,,8951000.0,-93601000.0,38098000.0,-40.702556596617555,-131699000.0,-6264000.0,-125435000.0,,561700000.0,-93601000.0,102943000.0,2264000.0,723970000.0,165412000.0,-238438000.0,-199256000.0,,,,,-13092000.0,,,,-104948000.0,20507000.0,,,-553007000.0,,,-17210000.0,,-50000000.0,,,-64478000.0,-55016000.0,574792000.0,10000000000.0,250000000.0,230000000.0,180000000.0,11.0,-19.089891496487084,475.0525624528688,355207000.0,,,,1.1516790303686102,2.884869999686044,,,2.3155332418802264,5.4161387048341325,8.71141121702864,12.628951032651035,0.0,-30.12954071926805,-3.3190018039687312,103.70857,-35.3248,-69.68611111111112,-3.575953269821386,-383.0872361626959,-243.50061784988242,18.210249895918807,1.8974296916831463,0.0,0.9521368453372754,77.13263372458931,-1994410000.0,-76.18049687925203,3.152476678311932,15.100640322825493,1.5734217528985308,242.08848139576284,-280020000.0,162.23867905297183,0.43563384243368636,149.8501727792394,2.2323912783513373,3121454000.0,34.66360702939226,-675557000.0,622.0,16673403.536977492,-141980.70739549838,"{'segments': [{'name': 'DomesticEPCBusiness', 'type': 'Segment'}, {'name': 'ASEANEPCBusiness', 'type': 'Segment'}, {'name': 'RealEstateBusiness', 'type': 'Segment'}, {'name': 'NotInclude', 'type': 'NotInclude'}, {'name': 'Total', 'type': 'Total'}, {'name': 'Reconcile', 'type': 'Reconcile'}], 'periods': [{'name': 'CurrentYearInstant', 'instant': '2019-08-31'}, {'name': 'Prior1YearDuration', 'start_date': '2017-09-01', 'end_date': '2018-08-31'}, {'name': 'CurrentYearDuration', 'start_date': '2018-09-01', 'end_date': '2019-08-31'}, {'name': 'Prior1YearInstant', 'instant': '2018-08-31'}], 'values': [{'segment': 'DomesticEPCBusiness', 'period': 'Prior1YearDuration', 'net_sales': '6897440000', 'operating_income': '105051000', 'revenues_from_external_customers': '6741965000', 'transactions_with_other_segments': '155475000'}, {'segment': 'DomesticEPCBusiness', 'period': 'CurrentYearDuration', 'net_sales': '7526168000', 'operating_income': '-115689000', 'revenues_from_external_customers': '7418958000', 'transactions_with_other_segments': '107210000'}, {'segment': 'ASEANEPCBusiness', 'period': 'CurrentYearDuration', 'net_sales': '2899880000', 'operating_income': '-27746000', 'revenues_from_external_customers': '2821721000', 'transactions_with_other_segments': '78158000'}, {'segment': 'ASEANEPCBusiness', 'period': 'Prior1YearDuration', 'net_sales': '2368301000', 'operating_income': '124308000', 'revenues_from_external_customers': '2310060000', 'transactions_with_other_segments': '58241000'}, {'segment': 'RealEstateBusiness', 'period': 'Prior1YearDuration', 'net_sales': '252839000', 'operating_income': '158971000', 'revenues_from_external_customers': '202694000', 'transactions_with_other_segments': '50145000'}, {'segment': 'RealEstateBusiness', 'period': 'CurrentYearDuration', 'net_sales': '179319000', 'operating_income': '106688000', 'revenues_from_external_customers': '130177000', 'transactions_with_other_segments': '49142000'}, {'segment': 'Total', 'period': 'CurrentYearDuration', 'net_sales': '10605368000', 'operating_income': '-36747000', 'revenues_from_external_customers': '10370857000', 'transactions_with_other_segments': '234511000'}, {'segment': 'Total', 'period': 'Prior1YearDuration', 'net_sales': '9518582000', 'operating_income': '388330000', 'revenues_from_external_customers': '9254720000', 'transactions_with_other_segments': '263861000'}, {'segment': 'NotInclude', 'period': 'CurrentYearDuration', 'net_sales': '475000000', 'operating_income': '-52688000', 'revenues_from_external_customers': None, 'transactions_with_other_segments': '475000000'}, {'segment': 'NotInclude', 'period': 'Prior1YearDuration', 'net_sales': '442783000', 'operating_income': '-218195000', 'revenues_from_external_customers': '194000', 'transactions_with_other_segments': '442589000'}, {'segment': 'Reconcile', 'period': 'Prior1YearDuration', 'net_sales': '-706451000', 'operating_income': '-7153000', 'revenues_from_external_customers': None, 'transactions_with_other_segments': '-706451000'}, {'segment': 'Reconcile', 'period': 'CurrentYearDuration', 'net_sales': '-709511000', 'operating_income': '1123000', 'revenues_from_external_customers': None, 'transactions_with_other_segments': '-709511000'}]}",12000000.0,,2018.0,4.0,2019-11-27 14:34:00+00:00
7,ＪＥＳＣＯホールディングス株式会社,代表取締役社長  唐澤　光子,東京都中野区中央四丁目３番４号,2019-11-30T00:00:00.000Z,2020-01-14T16:05:00.000Z,2020-01-14T16:05:00.000Z,2020-01-14T16:00:00.000Z,【E31741】ＪＥＳＣＯホールディングス株式会社 四半期報告書－第51期第1四半期(令和1年9月1日－令和1年11月30日),【14340】ＪＥＳＣＯホールディングス株式会社 2020年8月期　第1四半期決算短信〔日本基準〕(連結),Japan GAAP,6573055.0,6577900.0,4845.0,9092747000.0,5504123000.0,1620241000.0,0.0,,,,,24043000.0,,,24043000.0,,,-158498000.0,3579812000.0,3284253000.0,1703020000.0,96508000.0,2199981000.0,,29784000.0,9821000.0,265773000.0,139493000.0,,-31691000.0,,5826944000.0,1736295000.0,3836128000.0,1813691000.0,1813691000.0,,,,450367000.0,,5496000.0,20467000.0,50000000.0,,,,,1990815000.0,375000000.0,,,,818793000.0,16172000.0,,3265803000.0,3022682000.0,971444000.0,890968000.0,1160294000.0,-25000.0,-69646000.0,312768000.0,1851693000.0,1760059000.0,91633000.0,4.9486064914648376,207301000.0,-115668000.0,,20197000.0,,697000.0,,,9137000.0,7579000.0,,-104607000.0,8063000.0,,,13148000.0,,,,-109692000.0,-7087000.0,6.460817561900594,-102605000.0,470000.0,-103075000.0,,,-109692000.0,,,,,,,,,,,,,,,,,,,,,,,,,,,,,0.0,10000000000.0,250000000.0,230000000.0,180000000.0,,-19.083211687715988,449.26369853895943,250000000.0,,,,1.1405636822403615,3.079119278979084,,,2.448450661776782,0.0,11.195214325484839,0.0,0.0,-6.552374036034167,-15.261644016360998,18.51693,-46.2672,-57.263888888888886,440.0463251737734,-316.1358370508697,-274.6301236963376,17.819048522960113,1.874762326777816,0.0,0.9183706893105513,69.27757159532268,-1789648000.0,-68.35920090601213,3.1577521585578214,19.09538448611844,2.0090470826085056,309.1142958874844,116054000.0,178.42164376078594,0.587969665107254,143.4812133484597,-0.9252122613305697,2953035000.0,32.476819161470125,-97990000.0,,,,"{'segments': [{'name': 'DomesticEPCBusiness', 'type': 'Segment'}, {'name': 'ASEANEPCBusiness', 'type': 'Segment'}, {'name': 'RealEstateBusiness', 'type': 'Segment'}, {'name': 'Total', 'type': 'Total'}, {'name': 'NotInclude', 'type': 'NotInclude'}, {'name': 'Reconcile', 'type': 'Reconcile'}], 'periods': [{'name': 'CurrentYTDDuration', 'start_date': '2019-09-01', 'end_date': '2019-11-30'}, {'name': 'Prior1YTDDuration', 'start_date': '2018-09-01', 'end_date': '2018-11-30'}], 'values': [{'segment': 'DomesticEPCBusiness', 'period': 'CurrentYTDDuration', 'net_sales': '1124357000', 'operating_income': '-136416000', 'revenues_from_external_customers': '1122465000', 'transactions_with_other_segments': '1892000'}, {'segment': 'DomesticEPCBusiness', 'period': 'Prior1YTDDuration', 'net_sales': '1492264000', 'operating_income': '-5954000', 'revenues_from_external_customers': '1487204000', 'transactions_with_other_segments': '5060000'}, {'segment': 'ASEANEPCBusiness', 'period': 'CurrentYTDDuration', 'net_sales': '717947000', 'operating_income': '5976000', 'revenues_from_external_customers': '697149000', 'transactions_with_other_segments': '20797000'}, {'segment': 'ASEANEPCBusiness', 'period': 'Prior1YTDDuration', 'net_sales': '829450000', 'operating_income': '13818000', 'revenues_from_external_customers': '813064000', 'transactions_with_other_segments': '16385000'}, {'segment': 'RealEstateBusiness', 'period': 'CurrentYTDDuration', 'net_sales': '41168000', 'operating_income': '19657000', 'revenues_from_external_customers': '32078000', 'transactions_with_other_segments': '9090000'}, {'segment': 'RealEstateBusiness', 'period': 'Prior1YTDDuration', 'net_sales': '45321000', 'operating_income': '28472000', 'revenues_from_external_customers': '32658000', 'transactions_with_other_segments': '12663000'}, {'segment': 'Total', 'period': 'CurrentYTDDuration', 'net_sales': '1883473000', 'operating_income': '-110781000', 'revenues_from_external_customers': '1851693000', 'transactions_with_other_segments': '31780000'}, {'segment': 'Total', 'period': 'Prior1YTDDuration', 'net_sales': '2367035000', 'operating_income': '36336000', 'revenues_from_external_customers': '2332927000', 'transactions_with_other_segments': '34108000'}, {'segment': 'NotInclude', 'period': 'Prior1YTDDuration', 'net_sales': '118650000', 'operating_income': '-13840000', 'revenues_from_external_customers': None, 'transactions_with_other_segments': '118650000'}, {'segment': 'NotInclude', 'period': 'CurrentYTDDuration', 'net_sales': '103650000', 'operating_income': '-4958000', 'revenues_from_external_customers': None, 'transactions_with_other_segments': '103650000'}, {'segment': 'Reconcile', 'period': 'Prior1YTDDuration', 'net_sales': '-152758000', 'operating_income': '-304000', 'revenues_from_external_customers': None, 'transactions_with_other_segments': '-152758000'}, {'segment': 'Reconcile', 'period': 'CurrentYTDDuration', 'net_sales': '-135430000', 'operating_income': '71000', 'revenues_from_external_customers': None, 'transactions_with_other_segments': '-135430000'}]}",,,2019.0,1.0,2020-01-14 16:05:00+00:00
8,ＪＥＳＣＯホールディングス株式会社,代表取締役社長　唐澤　光子,東京都中野区中央四丁目３番４号,2020-02-29T00:00:00.000Z,2020-04-13T15:45:00.000Z,2020-04-13T15:45:00.000Z,2020-04-13T15:30:00.000Z,【E31741】ＪＥＳＣＯホールディングス株式会社 四半期報告書－第51期第2四半期(令和1年12月1日－令和2年2月29日),【14340】ＪＥＳＣＯホールディングス株式会社 2020年8月期　第2四半期決算短信〔日本基準〕(連結),Japan GAAP,6573455.0,6578300.0,4845.0,10363668000.0,5246466000.0,1148905000.0,0.0,,,,,24497000.0,,,24497000.0,,,-168632000.0,5108660000.0,4823294000.0,2006675000.0,94903000.0,3448150000.0,,29431000.0,9340000.0,255934000.0,141317000.0,,-31691000.0,,6922804000.0,3128319000.0,4004488000.0,1582396000.0,1582396000.0,,,,867014000.0,,5714000.0,70587000.0,50000000.0,,,,,2918316000.0,350000000.0,,,,1763960000.0,21044000.0,,3440864000.0,3207708000.0,971488000.0,891012000.0,1345233000.0,-25000.0,-63437000.0,296593000.0,4366752000.0,3870495000.0,496256000.0,11.364419138068753,421733000.0,74523000.0,1.7066002374304747,38457000.0,,10217000.0,11000.0,,17001000.0,13389000.0,,95978000.0,11221000.0,,,30294000.0,,,,76906000.0,13372000.0,17.38746001612358,63533000.0,-18329000.0,81862000.0,1.874665655388719,-632566000.0,76906000.0,41847000.0,1108000.0,71015000.0,-411490000.0,-457981000.0,-1369201000.0,,,,,-1556672000.0,,,,-1196000.0,,,,1672154000.0,,1000000000.0,-9419000.0,,-25000000.0,,,-72278000.0,2997000.0,924106000.0,10000000000.0,250000000.0,230000000.0,180000000.0,,-19.082050459005195,478.32851978145436,292955000.0,117478000.0,,,1.0006936733210674,3.296047955153993,,,2.2996747099725185,-14.485961190376736,9.657818900638278,8.432542881093628,0.0,17.966265448250876,5.565987004257226,43.66752,29.8092,45.47888888888889,129.00315841156083,235.46690283536626,119.88224084434779,11.08589159745372,1.3293848329024303,0.0,0.9357121314328735,60.44279438016301,-1557899000.0,-59.507082248730136,2.1501606578408863,30.18544206549264,3.6197421293148673,556.9376891579135,1979414000.0,201.1923081505971,0.9949266459538634,131.01465156094864,-15.780396221150397,3144271000.0,30.339364402641998,733501000.0,,,,"{'segments': [{'name': 'DomesticEPCBusiness', 'type': 'Segment'}, {'name': 'ASEANEPCBusiness', 'type': 'Segment'}, {'name': 'RealEstateBusiness', 'type': 'Segment'}, {'name': 'Total', 'type': 'Total'}, {'name': 'NotInclude', 'type': 'NotInclude'}, {'name': 'Reconcile', 'type': 'Reconcile'}], 'periods': [{'name': 'CurrentYTDDuration', 'start_date': '2019-09-01', 'end_date': '2020-02-29'}, {'name': 'Prior1YTDDuration', 'start_date': '2018-09-01', 'end_date': '2019-02-28'}], 'values': [{'segment': 'DomesticEPCBusiness', 'period': 'CurrentYTDDuration', 'net_sales': '2971531000', 'operating_income': '40188000', 'revenues_from_external_customers': '2949301000', 'transactions_with_other_segments': '22230000'}, {'segment': 'DomesticEPCBusiness', 'period': 'Prior1YTDDuration', 'net_sales': '3208328000', 'operating_income': '60281000', 'revenues_from_external_customers': '3197408000', 'transactions_with_other_segments': '10919000'}, {'segment': 'ASEANEPCBusiness', 'period': 'CurrentYTDDuration', 'net_sales': '1388957000', 'operating_income': '-7923000', 'revenues_from_external_customers': '1346122000', 'transactions_with_other_segments': '42835000'}, {'segment': 'ASEANEPCBusiness', 'period': 'Prior1YTDDuration', 'net_sales': '1731417000', 'operating_income': '22370000', 'revenues_from_external_customers': '1704444000', 'transactions_with_other_segments': '26973000'}, {'segment': 'RealEstateBusiness', 'period': 'CurrentYTDDuration', 'net_sales': '89508000', 'operating_income': '38241000', 'revenues_from_external_customers': '71328000', 'transactions_with_other_segments': '18180000'}, {'segment': 'RealEstateBusiness', 'period': 'Prior1YTDDuration', 'net_sales': '90511000', 'operating_income': '54585000', 'revenues_from_external_customers': '65185000', 'transactions_with_other_segments': '25326000'}, {'segment': 'Total', 'period': 'Prior1YTDDuration', 'net_sales': '5030257000', 'operating_income': '137237000', 'revenues_from_external_customers': '4967038000', 'transactions_with_other_segments': '63218000'}, {'segment': 'Total', 'period': 'CurrentYTDDuration', 'net_sales': '4449997000', 'operating_income': '70506000', 'revenues_from_external_customers': '4366752000', 'transactions_with_other_segments': '83245000'}, {'segment': 'NotInclude', 'period': 'Prior1YTDDuration', 'net_sales': '237300000', 'operating_income': '-23455000', 'revenues_from_external_customers': None, 'transactions_with_other_segments': '237300000'}, {'segment': 'NotInclude', 'period': 'CurrentYTDDuration', 'net_sales': '219300000', 'operating_income': '3126000', 'revenues_from_external_customers': None, 'transactions_with_other_segments': '219300000'}, {'segment': 'Reconcile', 'period': 'CurrentYTDDuration', 'net_sales': '-302545000', 'operating_income': '890000', 'revenues_from_external_customers': None, 'transactions_with_other_segments': '-302545000'}, {'segment': 'Reconcile', 'period': 'Prior1YTDDuration', 'net_sales': '-300518000', 'operating_income': '588000', 'revenues_from_external_customers': None, 'transactions_with_other_segments': '-300518000'}]}",,,2019.0,2.0,2020-04-13 15:45:00+00:00
9,ＪＥＳＣＯホールディングス株式会社,代表取締役社長　唐澤　光子,東京都中野区中央四丁目３番４号,2020-05-31T00:00:00.000Z,2020-07-14T17:05:00.000Z,2020-07-14T17:05:00.000Z,2020-07-14T17:00:00.000Z,四半期報告書－第51期第3四半期(令和2年3月1日－令和2年5月31日),2020年8月期　第3四半期決算短信〔日本基準〕(連結),Japan GAAP,6573455.0,6578300.0,4845.0,10238787000.0,5046895000.0,2199570000.0,0.0,,,,,24477000.0,,,24477000.0,,,-165947000.0,5183620000.0,4811657000.0,2007951000.0,94780000.0,3448150000.0,2694000.0,27791000.0,8628000.0,344170000.0,208308000.0,,-31691000.0,,6708595000.0,3114049000.0,3776492000.0,1272777000.0,1272777000.0,,,,870443000.0,,5688000.0,63291000.0,50000000.0,,,,36268000.0,2932103000.0,350000000.0,,,,1755014000.0,19613000.0,,3530191000.0,3357012000.0,971488000.0,891012000.0,1494537000.0,-25000.0,-78129000.0,251308000.0,6691528000.0,5863990000.0,827538000.0,12.366951165712823,614585000.0,212952000.0,3.1824121486153834,56603000.0,,12775000.0,11000.0,,26262000.0,21144000.0,,243293000.0,15654000.0,,4432000.0,30321000.0,,,,228626000.0,55845000.0,24.426355707574817,172780000.0,-58386000.0,231166000.0,3.454607079279949,,228626000.0,,,,,,,,,,,,,,,,,,,,,,,,,,,,,0.0,10000000000.0,250000000.0,230000000.0,180000000.0,,-19.082050459005195,498.80663973511645,250000000.0,212952000.0,,,1.0128989889134328,3.1226448153227793,,,2.2052633473045544,0.0,9.184524072827612,0.0,0.0,9.928998084075284,10.071509648127128,66.91528,85.1808,128.42555555555555,49.44269828953865,17.39734775911943,-22.133877819402503,21.482720560550774,2.545097285595588,0.0,0.9349481912512734,48.616274625821056,-1248300000.0,-47.68132643456978,2.1553608247636937,30.41423754591242,3.6032304755527917,554.3971871105573,914479000.0,190.03355602036817,0.9497286118473883,133.6397640985338,-7.290461195041257,3278883000.0,32.02413528086872,245833000.0,,,,"{'segments': [{'name': 'DomesticEPCBusiness', 'type': 'Segment'}, {'name': 'ASEANEPCBusiness', 'type': 'Segment'}, {'name': 'RealEstateBusiness', 'type': 'Segment'}, {'name': 'Total', 'type': 'Total'}, {'name': 'NotInclude', 'type': 'NotInclude'}, {'name': 'Reconcile', 'type': 'Reconcile'}], 'periods': [{'name': 'CurrentYTDDuration', 'start_date': '2019-09-01', 'end_date': '2020-05-31'}, {'name': 'Prior1YTDDuration', 'start_date': '2018-09-01', 'end_date': '2019-05-31'}], 'values': [{'segment': 'DomesticEPCBusiness', 'period': 'CurrentYTDDuration', 'net_sales': '5100014000', 'operating_income': '207928000', 'revenues_from_external_customers': '5071283000', 'transactions_with_other_segments': '28730000'}, {'segment': 'DomesticEPCBusiness', 'period': 'Prior1YTDDuration', 'net_sales': '5020553000', 'operating_income': '54786000', 'revenues_from_external_customers': '5000232000', 'transactions_with_other_segments': '20321000'}, {'segment': 'ASEANEPCBusiness', 'period': 'Prior1YTDDuration', 'net_sales': '2169779000', 'operating_income': '-36213000', 'revenues_from_external_customers': '2120203000', 'transactions_with_other_segments': '49575000'}, {'segment': 'ASEANEPCBusiness', 'period': 'CurrentYTDDuration', 'net_sales': '1585779000', 'operating_income': '-62098000', 'revenues_from_external_customers': '1510595000', 'transactions_with_other_segments': '75183000'}, {'segment': 'RealEstateBusiness', 'period': 'CurrentYTDDuration', 'net_sales': '136918000', 'operating_income': '64734000', 'revenues_from_external_customers': '109648000', 'transactions_with_other_segments': '27270000'}, {'segment': 'RealEstateBusiness', 'period': 'Prior1YTDDuration', 'net_sales': '134949000', 'operating_income': '83052000', 'revenues_from_external_customers': '96960000', 'transactions_with_other_segments': '37989000'}, {'segment': 'Total', 'period': 'CurrentYTDDuration', 'net_sales': '6822712000', 'operating_income': '210564000', 'revenues_from_external_customers': '6691528000', 'transactions_with_other_segments': '131184000'}, {'segment': 'Total', 'period': 'Prior1YTDDuration', 'net_sales': '7325282000', 'operating_income': '101624000', 'revenues_from_external_customers': '7217397000', 'transactions_with_other_segments': '107885000'}, {'segment': 'NotInclude', 'period': 'Prior1YTDDuration', 'net_sales': '355950000', 'operating_income': '-40250000', 'revenues_from_external_customers': None, 'transactions_with_other_segments': '355950000'}, {'segment': 'NotInclude', 'period': 'CurrentYTDDuration', 'net_sales': '327450000', 'operating_income': '680000', 'revenues_from_external_customers': None, 'transactions_with_other_segments': '327450000'}, {'segment': 'Reconcile', 'period': 'Prior1YTDDuration', 'net_sales': '-463835000', 'operating_income': '859000', 'revenues_from_external_customers': None, 'transactions_with_other_segments': '-463835000'}, {'segment': 'Reconcile', 'period': 'CurrentYTDDuration', 'net_sales': '-458634000', 'operating_income': '1707000', 'revenues_from_external_customers': None, 'transactions_with_other_segments': '-458634000'}]}",,,2019.0,3.0,2020-07-14 17:05:00+00:00
